@online{chronus2023,
  author = {Chronus},
  year = {2023},
  title = {Career mapping for a more engaged workforce},
  organization = {Chronus Blog},
  url = {https://chronus.com/blog/career-mapping}
}

@online{dayforce2023,
  author = {Dayforce},
  year = {2023},
  title = {Career pathing \& development software},
  organization = {Dayforce},
  url = {https://www.dayforce.com/career-pathing}
}

@online{hireed2021,
  author = {HireEd},
  year = {2021},
  title = {Mapping your career path in higher education},
  organization = {HireEd Resources},
  url = {https://resources.hireed.com/mapping-your-career-path}
}

@article{joseph2012,
  author = {Joseph, D. and Boh, W. F. and Ang, S. and Slaughter, S. A.},
  year = {2012},
  title = {The career paths less (or more) traveled: A sequence analysis of IT career histories, mobility patterns, and career success},
  journal = {MIS Quarterly},
  volume = {36},
  number = {2},
  pages = {427--452}
}

@online{ncsu2023,
  author = {NC State University},
  year = {2023},
  title = {Career mapping: A tool to help you set goals and design a development plan},
  organization = {Office of Faculty Excellence},
  url = {https://faculty.ncsu.edu/career-mapping-tool}
}

@online{workforcegps2023,
  author = {Workforce GPS},
  year = {2023},
  title = {Building better pathways: An analysis of career trajectories and occupational transitions},
  organization = {Workforce GPS Resources},
  url = {https://www.workforcegps.org/articles/2023/08/building-better-pathways}
}

@techreport{baker2023demographic,
  author = {Baker, Ryan S. and others},
  year = {2023},
  title = {Using Demographic Data as Predictor Variables: a Questionable Choice},
  institution = {University of Pennsylvania}
}

@techreport{dol2023building,
  author      = {U.S. Department of Labor},
  title       = {Building Better Pathways: An Analysis of Career Trajectories and Occupational Transitions},
  year        = {2023},
  institution = {Chief Evaluation Office, U.S. Department of Labor},
  address     = {Washington, DC, United States},
  url         = {https://www.dol.gov/resource-library/building-better-pathways-analysis-career-trajectories-and-occupational-transitions},
  note        = {Accessed August 25, 2025}
}

@article{ely2017gender,
  author = {Ely, Robin J. and Stone, Pamela and Ammerman, Colleen},
  year = {2017},
  title = {GENDER AND THE MBA: Differences in Career Trajectories, Attribute-Based Career Success, and Career Consolidation},
  journal = {PMC}
}

@misc{gale2024demographics,
  author = {Gale},
  year = {2024},
  title = {Demographics}
}

@misc{hyndman2023demography,
  author = {Hyndman, Rob J. and others},
  year = {2023},
  title = {demography: Forecasting Mortality, Fertility, Migration and Population Data},
  note = {R package version 2.0}
}

@misc{kharwal2024demographics,
  author = {Kharwal, Aman},
  year = {2024},
  title = {Demographics Analysis with Python}
}

@incollection{land2019mathematical,
  author      = {Land, Kenneth C. and Villavicencio, Andrés},
  title       = {Mathematical Demography},
  booktitle   = {Handbook of Sociology and Social Research},
  editor      = {Michael J. Shanahan, J. Michael, and others},
  year        = {2019},
  pages       = {1017--1045},
  publisher   = {Springer},
  address     = {New York, New York, United States},
  institution = {Duke University},
  doi         = {10.1007/978-3-319-71389-3_48},
  note        = {Accessed August 25, 2025}
}

@article{lee2023middle,
  author      = {Jeong, Seong Ji and Choi, Su Jung and Hawley, Joshua},
  title       = {Middle-aged Adults' Career Trajectories and Later-life Financial Security: Evidence from Korea},
  journal     = {Longitudinal and Life Course Studies},
  year        = {2023},
  volume      = {14},
  number      = {4},
  pages       = {566--591},
  doi         = {10.1332/175795921X16843342371110},
  pmid        = {37874210},
  url         = {https://pubmed.ncbi.nlm.nih.gov/37874210/},
  note        = {Accessed August 25, 2025}
}

@techreport{nataraj2018career,
  author      = {Nataraj, Shanthi and Hanser, Lawrence M.},
  title       = {Career Paths in the Army Civilian Workforce: Identifying Common Patterns Based on Statistical Clustering},
  year        = {2018},
  institution = {RAND Corporation},
  address     = {Santa Monica, California, United States},
  series      = {Research Report},
  number      = {RR-2280},
  isbn        = {9780833099891},
  url         = {https://www.rand.org/pubs/research_reports/RR2280.html},
  note        = {Accessed August 25, 2025}
}

@misc{questionpro2024demographic,
  author = {QuestionPro},
  year = {2024},
  title = {Demographic Analysis: Definition, Importance, \& Methods}
}

@phdthesis{vanwissen2016dissertation,
  author = {van Wissen, Leo},
  year = {2016},
  title = {Dissertation on Mathematical Demography},
  school = {University of Groningen}
}

@misc{investopedia2023,
  author = {Investopedia},
  year = {2023},
  title = {Understanding trend analysis and trend trading strategies},
  url = {https://www.investopedia.com/terms/t/trendanalysis.asp}
}

@misc{csgcoaching2023,
  author = {CSG Executive Coaching},
  year = {2023},
  title = {How to use job market trends for career growth},
  url = {https://www.csgexecutivecoaching.com/how-to-use-job-market-trends-for-career-growth/}
}

@inproceedings{wang2021,
  author      = {Wang, Chao and Zhu, Hao and Hao, Qi and Xiao, Keli and Xiong, Hui},
  title       = {Variable Interval Time Sequence Modeling for Career Trajectory Prediction: Deep Collaborative Perspective},
  booktitle   = {Proceedings of the Web Conference 2021 (WWW '21)},
  year        = {2021},
  pages       = {1209--1219},
  doi         = {10.1145/3442381.3449959},
  url         = {https://dl.acm.org/doi/10.1145/3442381.3449959},
  note        = {Accessed August 25, 2025}
}

@misc{alooba2023,
  author = {Alooba},
  year = {2023},
  title = {Everything you need to know when assessing trend analysis skills},
  url = {https://www.alooba.com/skills/concepts/data-analysis/trend-analysis/}
}

@misc{shamrck2023,
  author = {Shamrck},
  year = {2023},
  title = {How to use longitudinal data effectively},
  url = {https://www.shamrck.com/how-to-use-longitudinal-data-effectively}
}

@article{haas2006,
  author      = {Haas, Steven A. and Oi, Katsuya and Zhou, Min and Brown, Dustin C.},
  title       = {The Life Course, Cohort Dynamics, and International Differences in Functional Health Trajectories},
  journal     = {Demography},
  year        = {2006},
  volume      = {53},
  number      = {6},
  pages       = {2021--2049},
  doi         = {10.1007/s13524-016-0519-6},
  pmcid       = {PMC5705395},
  url         = {https://pmc.ncbi.nlm.nih.gov/articles/PMC5705395/},
  note        = {Accessed August 25, 2025}
}

@misc{netsuite2023,
  author = {NetSuite},
  year = {2023},
  title = {What is trend analysis? types \& best practices},
  url = {https://www.netsuite.com/portal/resource/articles/business-strategy/trend-analysis.shtml}
}

@misc{wikipedia2005,
  author = {Wikipedia},
  year = {2005},
  title = {Box--jenkins method},
  url = {https://en.wikipedia.org/wiki/Box-Jenkins_method}
}

@article{nature2023,
  author      = {Peters, Audrey and Figueroa, Matthew and McElroy, Mollie and Heller, Lauren and Warburton, William},
  title       = {Mapping Scientists’ Career Trajectories in the Survey of Doctorate Recipients Using Three Statistical Methods},
  journal     = {Scientific Reports},
  year        = {2023},
  volume      = {13},
  pages       = {8119},
  doi         = {10.1038/s41598-023-34809-1},
  url         = {https://www.nature.com/articles/s41598-023-34809-1},
  note        = {Accessed August 25, 2025}
}

@misc{quantilope2023,
  author = {Quantilope},
  year = {2023},
  title = {What is trend analysis in research? types, methods, and examples},
  url = {https://www.quantilope.com/resources/what-is-trend-analysis-in-research-process-types-example}
}

@misc{otexts2023,
  author = {OTexts},
  year = {2023},
  title = {The forecast package in r},
  url = {https://otexts.com/fpp2/the-forecast-package-in-r.html}
}

@misc{cran2023,
  author = {CRAN},
  year = {2023},
  title = {tseries: Time series analysis and computational finance},
  url = {https://cran.r-project.org/package=tseries}
}

@misc{codecademy2023,
  author = {Codecademy},
  year = {2023},
  title = {Statsmodels - python},
  url = {https://www.codecademy.com/resources/docs/python/statsmodels}
}

@misc{pypi2023,
  author = {PyPI},
  year = {2023},
  title = {prophet},
  url = {https://pypi.org/project/prophet/}
}

@article{pmc2020,
  author      = {Vinkenburg, Claartje J. and Connolly, Sara and Fuchs, Stefan and Herschberg, Channah and Schels, Brigitte},
  title       = {Mapping Career Patterns in Research: A Sequence Analysis of Career Histories of ERC Applicants},
  journal     = {PLoS ONE},
  year        = {2020},
  volume      = {15},
  number      = {7},
  pages       = {e0236252},
  doi         = {10.1371/journal.pone.0236252},
  pmid        = {32726338},
  pmcid       = {PMC7390397},
  url         = {https://pmc.ncbi.nlm.nih.gov/articles/PMC7390397/},
  note        = {Accessed August 25, 2025}
}

@misc{shermon2011,
  author = {Shermon},
  year = {2011},
  title = {Historical trend analysis analysed},
  url = {https://www.iceaaonline.com/wp-content/uploads/2020/07/1941658X.2011.585329.pdf}
}

@misc{carnegie2018,
  author = {Carnegie Mellon},
  year = {2018},
  title = {A longitudinal study of career trajectories among online freelancers}
}

@misc{aihr2024,
  author = {AIHR},
  year = {2024},
  title = {Job Classification: A Practitioner's Guide},
  url = {https://www.aihr.com/blog/job-classification/}
}

@misc{bamboohr2024,
  author = {BambooHR},
  year = {2024},
  title = {Understanding Job Classification},
  url = {https://www.bamboohr.com/resources/hr-glossary/job-classification}
}

@misc{cpshr2024,
  author = {CPSHR},
  year = {2024},
  title = {Job Classification: Aligning Roles and Compensation},
  url = {https://www.cpshr.us/blog-article/job-classification/}
}

@misc{deel2024,
  author = {Deel},
  year = {2024},
  title = {The Complete Guide to Job Level Classification: Examples, Criteria},
  url = {https://www.deel.com/blog/job-level-classification/}
}

@misc{haygroup2024,
  author = {Hay Group},
  year = {2024},
  title = {The Hay Group Guide Chart-Profile Method of Job Evaluation},
  url = {https://professionals.lincolnshire.gov.uk/downloads/file/576/hay-group-je-method}
}

@techreport{ikudo2018,
  author = {Ikudo, A. and Lane, J. and Staudt, J. and Weinberg, B. A.},
  year = {2018},
  title = {Occupational Classifications: A Machine Learning Approach},
  institution = {National Bureau of Economic Research},
  number = {Working Paper No. 24951}
}

@misc{indeed2024,
  author = {Indeed},
  year = {2024},
  title = {How Does Job Classification Work? (With Definition and Types)},
  url = {https://www.indeed.com/career-advice/career-development/how-does-job-classification-work}
}

@article{jeesr2021,
  author      = {Hisham, Muhammad Haziq Haikal and Aziz, Mohd Azri Abdul and Sulaiman, Ahmad Asari},
  title       = {Job Classification: A Review on Data, Features, and Methods},
  journal     = {Journal of Electrical and Electronic Systems Research},
  year        = {2021},
  volume      = {21},
  number      = {1},
  pages       = {91--100},
  doi         = {10.24191/jeesr.v21i1.012},
  url         = {https://jeesr.uitm.edu.my/v1/JEESR/Vol.21/article12.pdf},
  note        = {Accessed August 25, 2025}
}

@misc{jobhop2022,
  author = {JobHop},
  year = {2022},
  title = {A Large-Scale Dataset of Career Trajectories},
  note = {arXiv preprint arXiv:2505.07653}
}

@misc{labourr2024,
  author = {labourR},
  year = {2024},
  title = {Introduction to labourR},
  url = {https://cran.r-project.org/web/packages/labourR/vignettes/labourR_blogpost.html},
  note = {CRAN}
}

@misc{lincolnhr2009,
  author = {Lincoln HR},
  year = {2009},
  title = {Internal Equity Workshop – Hay Group Work Measurement Process},
  url = {https://lincolnhr.org/wp-content/uploads/2009/12/Internal-Equity-Workshop-Hay-Group.pdf}
}

@misc{onet2024,
  author = {O*NET Resource Center},
  year = {2024},
  title = {About O*NET},
  url = {https://www.onetcenter.org/overview.html}
}

@misc{onetonline2024,
  author = {O*NET OnLine},
  year = {2024},
  title = {O*NET Overview Help},
  url = {https://www.onetonline.org/help/onet/}
}

@misc{onetr2024,
  author = {ONETr},
  year = {2024},
  title = {A small R package for interacting with the O*NET API},
  url = {https://github.com/eknud/ONETr}
}

@misc{pelago2024,
  author = {Pelago},
  year = {2024},
  title = {Job Classification: HR Terms Explained},
  url = {https://www.pelagohealth.com/resources/hr-glossary/job-classification/}
}

@misc{peoplebox2024,
  author = {Peoplebox},
  year = {2024},
  title = {Hay System 101 - Job Evaluation Method [2024 Updated]},
  url = {https://www.peoplebox.ai/blog/hay-system/}
}

@misc{synergogy2024,
  author = {Synergogy},
  year = {2024},
  title = {Job Evaluation Using Point Factor},
  url = {https://synergogy.com/job-evaluation-using-point-factor/}
}

@misc{ucsb2024,
  author = {UCSB Human Resources},
  year = {2024},
  title = {Determining Job Classification},
  url = {https://www.hr.ucsb.edu/hr-units/compensation/determining-job-classification}
}

@misc{waterloo2024,
  author = {University of Waterloo},
  year = {2024},
  title = {Hay evaluation method},
  note = {Human Resources},
  url = {https://uwaterloo.ca/human-resources/support-managers/compensation-information-managers/hay-evaluation-method}
}

@misc{wm2024,
  author = {William \& Mary},
  year = {2024},
  title = {Classification Variables},
  note = {Department Resources},
  url = {https://www.wm.edu/offices/uhr/departments/hiring-officials-business-partners/classification-compensation/class-comp-guide/class-variables/}
}

@article{collins2021,
  author      = {Sinha, Pratik and Calfee, Carolyn S. and Delucchi, Kevin L.},
  title       = {Practitioner's Guide to Latent Class Analysis: Methodological Considerations and Common Pitfalls},
  journal     = {Critical Care Medicine},
  year        = {2021},
  volume      = {49},
  number      = {1},
  pages       = {e63--e79},
  doi         = {10.1097/CCM.0000000000004710},
  pmcid       = {PMC7746621},
  url         = {https://pmc.ncbi.nlm.nih.gov/articles/PMC7746621/},
  note        = {Accessed August 25, 2025}
}

@article{masyn2011,
  author      = {Lanza, Stephanie T. and Rhoades, Brittany L.},
  title       = {Latent Class Analysis: An Alternative Perspective on Subgroup Analysis in Prevention and Treatment},
  journal     = {Prevention Science},
  year        = {2013},
  volume      = {14},
  number      = {2},
  pages       = {157--168},
  doi         = {10.1007/s11121-011-0201-1},
  pmid        = {21318625},
  pmcid       = {PMC3173585},
  url         = {https://pmc.ncbi.nlm.nih.gov/articles/PMC3173585/},
  note        = {Accessed August 25, 2025}
}

@misc{ucla2024,
  author = {UCLA Statistical Consulting Group},
  year = {2024},
  title = {Basic latent class analysis model},
  note = {UCLA Institute for Digital Research and Education}
}

@article{sustainability2025,
  author      = {Morin, Alexandre J. S. and others},
  title       = {Pathways to Sustainable Careers: Exploring Motivational Profiles Through Latent Class Analysis},
  journal     = {Sustainability},
  year        = {2025},
  volume      = {17},
  number      = {3},
  pages       = {1253},
  doi         = {10.3390/su17031253},
  url         = {https://www.mdpi.com/2071-1050/17/3/1253},
  note        = {Accessed August 25, 2025}
}

@article{ramos2017,
  author      = {Ramos-Villagrasa, Pedro J. and Fernández-del-Río, Elena and Sánchez-García, José and Alcover, Carlos M.},
  title       = {Application of latent growth modeling to identify different working life trajectories: the case of the Spanish WORKss cohort},
  journal     = {Scandinavian Journal of Work, Environment & Health},
  year        = {2017},
  volume      = {43},
  number      = {1},
  pages       = {68--76},
  doi         = {10.5271/sjweh.3611},
  url         = {https://pubmed.ncbi.nlm.nih.gov/27911960/},
  note        = {Accessed August 25, 2025}
}

@misc{linzer2022,
  author = {Linzer, D. and Lewis, J.},
  year = {2022},
  title = {poLCA: Polytomous Variable Latent Class Analysis},
  note = {CRAN}
}

@misc{tidylpa2021,
  author = {Rosenberg, J.M. and others},
  year = {2021},
  title = {tidyLPA: Latent Profile Analysis},
  note = {CRAN}
}

@misc{latentgold2025,
  author = {Statistical Innovations},
  year = {2025},
  title = {Powerful and User-Friendly Latent Class Analysis},
  note = {LatentGOLD}
}

@misc{proclca2021,
  author = {Lanza, S.T. and others},
  year = {2021},
  title = {PROC LCA \& PROC LTA Users' Guide Version 1.3.2},
  note = {The Methodology Center, Penn State}
}

@misc{misty2013,
  author = {Yanagida, T.},
  year = {2013},
  title = {Mplus Model Specification for Latent Class Analysis},
  note = {CRAN}
}

@article{pepe2007,
  author = {Pepe, M.S. and Janes, H.},
  year = {2007},
  title = {Insights into latent class analysis of diagnostic test performance},
  journal = {Biostatistics},
  volume = {8},
  number = {2},
  pages = {474-484}
}

@misc{review2012,
  author = {Nagin, D.S. and Odgers, C.L.},
  year = {2012},
  title = {Review and discussion of latent class trajectory modeling},
  note = {VUMC Research}
}

@misc{stepmix2022,
  author = {Morin, S. and others},
  year = {2022},
  title = {StepMix: A Python Package for Pseudo-Likelihood Estimation of Generalized Mixture Models},
  note = {PyPI}
}

@article{masyn2020,
  author      = {Masyn, Katherine E.},
  title       = {Latent Class Analysis: A Guide to Best Practice},
  journal     = {Cultural Diversity and Ethnic Minority Psychology},
  year        = {2020},
  volume      = {26},
  number      = {4},
  pages       = {552--561},
  doi         = {10.1177/0095798420930932},
  url         = {https://journals.sagepub.com/doi/abs/10.1177/0095798420930932},
  note        = {Accessed August 25, 2025}
}

@article{trajectory2022,
  author      = {Watson, Charlotte and Geifman, Nophar and Renehan, Andrew G.},
  title       = {Latent class trajectory modelling: impact of changes in model specification},
  journal     = {American Journal of Translational Research},
  year        = {2022},
  volume      = {14},
  number      = {10},
  pages       = {7593--7606},
  pmid        = {36398215},
  pmcid       = {PMC9641469},
  url         = {https://pmc.ncbi.nlm.nih.gov/articles/PMC9641469/},
  note        = {Accessed August 25, 2025}
}

@misc{ispor2016,
  author = {ISPOR Student Network},
  year = {2016},
  title = {A Primer on Latent Class Analysis},
  note = {ISPOR}
}

@article{chen2021,
  author      = {Chen, Xianglei and Wu, Jiali and Wang, Wenjie},
  title       = {Using Latent Class Analysis to Link Career and Technical Education in Adolescence and Work and School Transitions in Young Adulthood},
  journal     = {Journal of Career and Technical Education},
  year        = {2021},
  volume      = {36},
  number      = {2},
  pages       = {45--67},
  doi         = {10.5328/cter36.2.45},
  url         = {https://eric.ed.gov/?id=EJ1316734},
  note        = {Accessed August 25, 2025}
}

@misc{theanalysisfactor2024,
  author = {Statology},
  year = {2024},
  title = {What Is Latent Class Analysis?},
  note = {The Analysis Factor}
}

@misc{statistics2013,
  author = {Statistics.com},
  year = {2013},
  title = {Latent Class Analysis (LCA)},
  note = {Statistics.com Glossary}
}

@misc{jmp2010,
  author      = {JMP Statistical Software},
  title       = {Overview of the Latent Class Analysis Platform},
  year        = {2010},
  publisher   = {SAS Institute Inc.},
  address     = {Cary, North Carolina, United States},
  url         = {https://www.jmp.com/support/help/en/18.1/jmp/overview-of-the-latent-class-analysis-platform.shtml},
  note        = {Accessed August 25, 2025}
}

@misc{wikipedia_optimal_matching,
  author = {Wikipedia},
  year = {2024},
  title = {Optimal matching},
  url = {https://en.wikipedia.org/wiki/Optimal_matching}
}

@article{vannoni_john_career_progression,
  author      = {Vannoni, Matia and John, Peter},
  title       = {Using Sequence Analysis to Understand Career Progression: An Application to the UK House of Commons},
  journal     = {The Political Methodologist},
  year        = {2018},
  volume      = {25},
  number      = {2},
  pages       = {10--25},
  url         = {https://polmeth.theopenscholar.com/files/polmeth/files/mp-careers-v25_a_-with-title.pdf},
  note        = {Accessed August 25, 2025}
}

@article{second_wave_sequence_analysis,
  author      = {Cornwell, Benjamin},
  title       = {New Life for Old Ideas: The ``Second Wave'' of Sequence Analysis},
  journal     = {Sociological Methods & Research},
  year        = {2010},
  volume      = {38},
  number      = {3},
  pages       = {420--462},
  doi         = {10.1177/0049124109357532},
  url         = {https://journals.sagepub.com/doi/10.1177/0049124109357532},
  note        = {Accessed August 25, 2025}
}

@article{abbott_forrest_1986,
  author      = {Abbott, Andrew and Forrest, John},
  title       = {Optimal Matching Methods for Historical Sequences},
  journal     = {Journal of Interdisciplinary History},
  year        = {1986},
  volume      = {16},
  number      = {3},
  pages       = {471--494},
  doi         = {10.2307/204500},
  url         = {http://pierrefrancois.wifeo.com/documents/Abbott-Forest-1986.pdf},
  note        = {Accessed August 25, 2025}
}

@article{stata_sequence_analysis,
  author      = {Brzinsky-Fay, Christian and Kohler, Ulrich and Luniak, Magdalena},
  title       = {Sequence Analysis with Stata},
  journal     = {The Stata Journal},
  year        = {2006},
  volume      = {6},
  number      = {4},
  pages       = {435--460},
  publisher   = {StataCorp LP},
  doi         = {10.1177/1536867X0600600401},
  url         = {https://journals.sagepub.com/doi/abs/10.1177/1536867X0600600401},
  note        = {Accessed August 25, 2025}
}

@misc{traminer_documentation,
  author = {Gabadinho, A. and Ritschard, G. and Müller, N.S. and Studer, M.},
  year = {2023},
  title = {Analyzing and Visualizing State Sequences in R with TraMineR},
  url = {https://cran.r-project.org/web/packages/TraMineR/vignettes/TraMineR-state-sequence.pdf}
}

@misc{pysan_github,
  author = {pysan-dev},
  year = {2021},
  title = {pysan: Sequence Analysis in Python},
  url = {https://github.com/pysan-dev/pysan}
}

@article{mapping_career_patterns,
  author      = {Vinkenburg, Claartje J. and Connolly, Sara and Fuchs, Stefan and Herschberg, Channah and Schels, Brigitte},
  title       = {Mapping Career Patterns in Research: A Sequence Analysis of Career Histories of ERC Applicants},
  journal     = {PLOS ONE},
  year        = {2020},
  volume      = {15},
  number      = {7},
  pages       = {e0236252},
  doi         = {10.1371/journal.pone.0236252},
  url         = {https://journals.plos.org/plosone/article?id=10.1371/journal.pone.0236252},
  note        = {Accessed August 25, 2025}
}

@article{employment_status_mobility,
  author = {Muñoz-Bullón, F. and Malo, M.A.},
  year = {2003},
  title = {Employment status mobility from a life-cycle perspective: A sequence analysis approach},
  journal = {Demographic Research}
}

@misc{sequence_analysis_social_science,
  author      = {Fasang, Anette E.},
  title       = {Sequence Analysis for Social Science},
  year        = {2022},
  institution = {Population Dynamics and Health Program, Institute for Social Research, University of Michigan},
  url         = {https://pdhp.isr.umich.edu/wp-content/uploads/2022/02/PDHP-Sequence-Analysis-Slides.pdf},
  note        = {Workshop presentation; Accessed August 25, 2025}
}

@misc{sequence_analysis_wikipedia,
  author = {Wikipedia},
  year = {2024},
  title = {Sequence analysis in social sciences},
  url = {https://en.wikipedia.org/wiki/Sequence_analysis_in_social_sciences}
}

@misc{stata_sequence_german,
  author      = {Brzinsky-Fay, Christian and Kohler, Ulrich},
  title       = {Sequence Analysis Using STATA},
  year        = {2008},
  institution = {Stata Users Group Meeting},
  address     = {Germany},
  url         = {https://www.stata.com/meeting/4german/sum_brzinsky_kohler.pdf},
  note        = {Presentation; Accessed August 25, 2025}
}

@misc{sequenzo_github,
  author = {Liang-Team},
  year = {2023},
  title = {Sequenzo: A fast, scalable, and intuitive Python package for sequence analysis},
  url = {https://github.com/Liang-Team/Sequenzo}
}

@article{caruana2015longitudinal,
  author = {Caruana, E. J. and Roman, M. and Hernández-Sánchez, J. and Solli, P.},
  year = {2015},
  title = {Longitudinal studies},
  journal = {Journal of Thoracic Disease},
  volume = {7},
  number = {11},
  pages = {E537-E540}
}

@article{joseph2012career,
  author = {Joseph, D. and Boh, W. F. and Ang, S. and Slaughter, S. A.},
  year = {2012},
  title = {The career paths less (or more) traveled: A sequence analysis of IT career histories, mobility patterns, and career success},
  journal = {MIS Quarterly},
  volume = {36},
  number = {2},
  pages = {427--452}
}


@techreport{dol2021pathways,
  author      = {U.S. Department of Labor},
  title       = {Building Better Pathways: An Analysis of Career Trajectories and Occupational Transitions},
  year        = {2021},
  institution = {Chief Evaluation Office, U.S. Department of Labor},
  address     = {Washington, DC, United States},
  url         = {https://www.dol.gov/sites/dolgov/files/OASP/evaluation/pdf/Building%20Better%20Pathways%20An%20Analysis%20of%20Career%20Trajectories%20and%20Occupational%20Transitions.pdf},
  note        = {Accessed August 25, 2025}
}

@article{porfeli2011career,
  author = {Porfeli, E. J. and Lee, B. and Vondracek, F. W. and Weigold, I. K.},
  year = {2011},
  title = {Career preparation: A longitudinal, process-oriented examination},
  journal = {Journal of Vocational Behavior},
  volume = {79},
  number = {1},
  pages = {158--169}
}

@article{rios2021career,
  author = {Rios, D. and Stewart, A. J. and Winter, D. G.},
  year = {2021},
  title = {Career trajectories of women from underrepresented minority groups},
  journal = {Academic Medicine},
  volume = {96},
  number = {4},
  pages = {566--573}
}

@article{kokko2013employment,
  author = {Kokko, K. and Pulkkinen, L. and Mesiäinen, P.},
  year = {2013},
  title = {Employment trajectories until midlife associate with early social role investments and current work-related well-being},
  journal = {Advances in Life Course Research},
  volume = {18},
  number = {4},
  pages = {264--276}
}

@article{manzoni2014career,
  author = {Manzoni, A. and Mooi-Reci, I. and Härkönen, J.},
  year = {2014},
  title = {Career trajectories and cumulative wages: The case of temporary employment},
  journal = {Research in Social Stratification and Mobility},
  volume = {38},
  pages = {69--84}
}

@misc{lme4slides2011,
  author      = {Bates, Douglas M.},
  title       = {Mixed Models in R Using the lme4 package Part 2: Longitudinal Data, Modeling Interactions},
  year        = {2011},
  publisher   = {R Foundation for Statistical Computing},
  address     = {Vienna, Austria},
  url         = {https://cran.r-project.org/web/packages/lme4/index.html},
  note        = {Accessed August 25, 2025; Workshop slides}
}

@misc{statsmodels2024,
  author = {Seabold, S. and Perktold, J.},
  year = {2024},
  title = {Longitudinal data analysis in psychometrics - Python},
  note = {LinkedIn Learning}
}

@misc{wikipedia2024longitudinal,
  author = {Wikipedia contributors},
  year = {2024},
  title = {Longitudinal study},
  note = {Wikipedia, The Free Encyclopedia}
}

@misc{leaspy2024,
  author = {Koval, I. and Schiratti, J. B. and Routier, A. and Bacci, M. and Colliot, O. and Allassonnière, S. and Durrleman, S.},
  year = {2024},
  title = {leaspy: A software package for the statistical analysis of longitudinal data},
  note = {PyPI}
}

@misc{endvaw2024longitudinal,
  author      = {UN Women},
  title       = {Longitudinal/cohort and case-control studies},
  year        = {2024},
  institution = {End Violence Against Women International, UN Women},
  address     = {New York, New York, United States},
  url         = {https://www.un.org/en/observances/ending-violence-against-women-day},
  note        = {Accessed August 25, 2025}
}

@misc{army_cmf12,
  author      = {U.S. Army Engineer School},
  title       = {CMF 12 Career Progression Chart},
  year        = {2023},
  institution = {U.S. Army Engineer School},
  address     = {Fort Leonard Wood, Missouri, United States},
  url         = {https://api.army.mil/e2/c/downloads/2023/08/09/73f99ae3/cmf-12-board-products-8-aug-23.pdf},
  note        = {Accessed August 25, 2025}
}

@misc{air_force_promotions,
  author      = {Headquarters Air Reserve Personnel Center},
  title       = {Officer Promotion Boards},
  year        = {2023},
  institution = {Headquarters Air Reserve Personnel Center},
  address     = {Buckley Space Force Base, Aurora, Colorado, United States},
  url         = {https://www.arpc.afrc.af.mil/Services/Officer-Promotion-Boards/},
  note        = {Accessed August 25, 2025}
}

@techreport{mcallaster1999,
  author      = {McAllaster, Douglas L.},
  title       = {Forecasting Army Officer Attrition with Logistic Regression Using The SAS System},
  year        = {1999},
  institution = {Office of Deputy Chief of Staff for Personnel, Headquarters, U.S. Army},
  address     = {Washington, DC, United States},
  type        = {Technical Report},
  url         = {http://www8.sas.com/scholars/05/PREVIOUS/1999/pdf/072.pdf},
  note        = {Accessed August 25, 2025}
}

@techreport{naval_survival,
  author      = {Naval Postgraduate School},
  title       = {Analysis of the Survival Patterns of United States Naval Officers},
  year        = {2023},
  institution = {Defense Technical Information Center},
  address     = {Fort Belvoir, Virginia, United States},
  url         = {https://apps.dtic.mil/sti/tr/pdf/ADA432824.pdf},
  note        = {Accessed August 25, 2025}
}

@techreport{ida2024,
  author      = {Institute for Defense Analyses},
  title       = {The Impact of Removing Demographic Indicators from Military Promotion Boards},
  year        = {2024},
  institution = {Institute for Defense Analyses},
  address     = {Alexandria, Virginia, United States},
  type        = {Technical Report},
  url         = {https://www.ida.org/-/media/feature/publications/t/th/the-impact-of-removing-demographic-indicators-from-military-promotion-boards/3003198.ashx},
  note        = {Accessed August 25, 2025}
}

@misc{r_survival,
  author = {R Core Team},
  year = {2024},
  title = {Package survival},
  note = {The Comprehensive R Archive Network},
  url = {https://cran.r-project.org/package=survival}
}

@misc{putter2024,
  author = {Putter, H. and Fiocco, M. and Geskus, R. B.},
  year = {2024},
  title = {Package mstate},
  note = {The Comprehensive R Archive Network},
  url = {https://cran.r-project.org/package=mstate}
}

@misc{lifelines,
  author = {Davidson-Pilon, C. and others},
  year = {2024},
  title = {Introduction to survival analysis — lifelines 0.30.0 documentation},
  url = {https://lifelines.readthedocs.io/en/latest/Survival%20Analysis%20intro.html}
}

@techreport{army_promotion_analysis,
  author      = {Defense Technical Information Center},
  title       = {An Analysis of Selected Army Promotion Board Results},
  year        = {2023},
  institution = {Defense Technical Information Center},
  address     = {Fort Belvoir, Virginia, United States},
  type        = {Technical Report},
  url         = {https://apps.dtic.mil/sti/tr/pdf/ADA070262.pdf},
  note        = {Accessed August 25, 2025}
}

@article{allison1982discrete,
  author = {Allison, P.D.},
  year = {1982},
  title = {Discrete-time methods for the analysis of event histories},
  journal = {Sociological Methodology},
  volume = {13},
  pages = {61--98}
}

@article{attrition2025predicting,
  author = {Attrition Research Group},
  year = {2025},
  title = {Predicting employee attrition and explaining its determinants},
  journal = {Expert Systems with Applications},
  volume = {240},
  pages = {122456}
}

@techreport{code2020event,
  author      = {Code Horizons},
  title       = {Event History/Survival Analysis},
  year        = {2020},
  institution = {Code Horizons Statistical Consulting, Statistical Horizons},
  address     = {Philadelphia, Pennsylvania, United States},
  type        = {Technical Report},
  note        = {Accessed August 25, 2025}
}

@techreport{dol2023career,
  author      = {U.S. Department of Labor},
  title       = {An Analysis of Career Trajectories and Occupational Transitions},
  year        = {2023},
  institution = {Office of the Assistant Secretary for Policy, U.S. Department of Labor},
  address     = {Washington, DC, United States},
  type        = {Technical Report},
  note        = {Accessed August 25, 2025}
}

@misc{gartner2023career,
  author      = {Gartner, Inc.},
  title       = {Lack of Career Development Drives Employee Attrition},
  year        = {2023},
  publisher   = {Gartner, Inc.},
  address     = {Stamford, Connecticut, United States},
  url         = {https://www.gartner.com/en/newsroom/press-releases/2023-01-10-lack-of-career-development-drives-employee-attrition},
  note        = {Gartner Research Report; Accessed August 25, 2025}
}

@inproceedings{li2016prospecting,
  author = {Li, H. and Ge, Y. and Zhu, H. and Xiong, H. and Zhao, H.},
  year = {2016},
  title = {Prospecting the career development of talents: A survival analysis perspective},
  booktitle = {Proceedings of the 23rd ACM SIGKDD International Conference on Knowledge Discovery and Data Mining},
  pages = {1715--1724}
}

@misc{lifelines2023documentation,
  author = {Lifelines Development Team},
  year = {2023},
  title = {Lifelines: Survival analysis in python},
  note = {Software documentation, version 0.30.0}
}

@misc{limitations2016survival,
  author = {Cross Validated Community},
  year = {2016},
  title = {Limitations of survival analysis},
  note = {Cross Validated Statistics Forum Discussion}
}

@incollection{maas2003use,
  author = {Maas, I.},
  year = {2003},
  title = {The use of event-history-analysis in career research},
  booktitle = {Modern Career Research},
  pages = {45--68},
  publisher = {International Institute of Social History}
}

@book{mills2011introducing,
  author      = {Mills, Melinda},
  title       = {Introducing Survival and Event History Analysis},
  year        = {2011},
  publisher   = {SAGE Publications Ltd},
  address     = {London, United Kingdom},
  isbn        = {9781848601024},
  url         = {https://methods.sagepub.com/book/mono/introducing-survival-and-event-history-analysis/toc},
  note        = {Accessed August 25, 2025}
}

@article{niessen2016attrition,
  author = {Niessen, A. S. and Meijer, R. R. and Tendeiro, J. N.},
  year = {2016},
  title = {Attrition and reenlistment in the army: Using the tailored adaptive personality assessment system},
  journal = {Military Psychology},
  volume = {28},
  number = {4},
  pages = {224--236}
}

@article{sull2022toxic,
  author = {Sull, D. and Sull, C. and Bersin, J.},
  year = {2022},
  title = {Toxic culture is driving the great resignation},
  journal = {MIT Sloan Management Review},
  volume = {63},
  number = {2},
  pages = {1--9}
}

@manual{therneau2023survival,
  author      = {Therneau, Terry M.},
  title       = {A Package for Survival Analysis in R},
  year        = {2023},
  organization= {R Foundation for Statistical Computing},
  address     = {Vienna, Austria},
  note        = {R package version 3.5-5},
  url         = {https://cran.r-project.org/package=survival},
  accessed    = {August 25, 2025}
}

@article{vidal2023dynamic,
  author = {Vidal, S. and Lutz, K. and Becker, B.},
  year = {2023},
  title = {Dynamic work trajectories and their interplay with family over the life course},
  journal = {Advances in Life Course Research},
  volume = {55},
  pages = {100512}
}

@misc{columbia_abm,
  author      = {Columbia University Mailman School of Public Health},
  title       = {Agent-Based Modeling},
  year        = {2022},
  institution = {Columbia University Mailman School of Public Health},
  address     = {New York, New York, United States},
  url         = {https://www.publichealth.columbia.edu/research/population-health-methods/agent-based-modeling},
  note        = {Population Health Methods; Accessed August 25, 2025}
}

@misc{wikipedia_abm,
  author = {Wikipedia},
  year = {2004},
  title = {Agent-based model},
  note = {Wikipedia},
  url = {https://en.wikipedia.org/wiki/Agent_based_model}
}

@inproceedings{macal_north,
  author = {Macal, C. M. and North, M. J.},
  year = {2006},
  title = {Tutorial on Agent-based Modeling and Simulation Part 2: How to Model with Agents},
  booktitle = {Proceedings of the 2006 Winter Simulation Conference},
  url = {https://www.cs.rice.edu/~devika/evac/papers/macalNorth.pdf}
}

@book{epstein_axtell_mit,
  author      = {Epstein, Joshua M. and Axtell, Robert L.},
  title       = {Growing Artificial Societies: Social Science from the Bottom Up},
  year        = {1996},
  publisher   = {MIT Press and Brookings Institution},
  address     = {Cambridge, Massachusetts, United States},
  isbn        = {9780262550253},
  url         = {https://mitpress.mit.edu/9780262550253/growing-artificial-societies/},
  note        = {Accessed August 25, 2025}
}

@book{railsback_grimm,
  author      = {Railsback, Steven F. and Grimm, Volker},
  title       = {Agent-Based and Individual-Based Modeling: A Practical Introduction, 2nd Edition},
  year        = {2023},
  edition     = {2nd},
  publisher   = {Princeton University Press},
  address     = {Princeton, New Jersey, United States},
  isbn        = {9780691190822},
  url         = {https://openlibrary.telkomuniversity.ac.id/pustaka/197671/agent-based-and-individual-based-modeling-a-practical-introduction-2-e-.html},
  note        = {Accessed August 25, 2025}
}

@article{bullinaria_gender,
  author = {Bullinaria, J. A.},
  year = {2018},
  title = {Agent-Based Models of Gender Inequalities in Career Progression},
  journal = {Journal of Artificial Societies and Social Simulation},
  volume = {21},
  number = {3},
  pages = {7},
  url = {https://www.jasss.org/21/3/7.html}
}

@misc{mesa_python,
  author = {Mesa Development Team},
  year = {2025},
  title = {Mesa: Agent-based modeling in Python},
  url = {https://mesa.readthedocs.io}
}

@article{agentpy,
  author = {Foramitti, J.},
  year = {2021},
  title = {AgentPy: A package for agent-based modeling in Python},
  journal = {Journal of Open Source Software},
  volume = {6},
  number = {62},
  pages = {3065},
  url = {https://pypi.org/project/agentpy/}
}

@misc{netlogor,
  author = {Bauduin, S. and McIntire, E. J. B. and Chubaty, A. M.},
  year = {2019},
  title = {NetLogoR: Build and Run Spatially Explicit Agent-Based Models},
  url = {https://netlogor.predictiveecology.org}
}

@misc{spades,
  author = {Chubaty, A. M. and McIntire, E. J. B.},
  year = {2024},
  title = {SpaDES: Spatial Discrete Event Simulation},
  note = {CRAN - R Project},
  url = {https://cran.r-project.org/web/packages/SpaDES.core/vignettes/i-introduction.html}
}

@inproceedings{graduate_attrition,
  author = {Author},
  year = {2023},
  title = {Exploring the Viability of Agent-Based Modeling to Extend Qualitative Research: Comparison of Computational Platforms},
  booktitle = {Proceedings of the 2023 ASEE Annual Conference},
  url = {https://peer.asee.org/exploring-the-viability-of-agent-based-modeling-to-extend-qualitative-research-comparison-of-computational-platforms.pdf}
}

@book{epstein_axtell_mit_direct,
  author = {Epstein, J. M. and Axtell, R. L.},
  year = {1996},
  title = {Growing Artificial Societies: Social Science from the Bottom Up},
  publisher = {MIT Press Direct},
  url = {https://direct.mit.edu/books/monograph/2503/Growing-Artificial-SocietiesSocial-Science-from}
}

@article{bullinaria_pdf,
  author = {Bullinaria, J. A.},
  year = {2018},
  title = {Agent-Based Models of Gender Inequalities in Career Progression},
  journal = {Journal of Artificial Societies and Social Simulation},
  volume = {21},
  number = {3},
  pages = {7},
  url = {https://www.jasss.org/21/3/7/7.pdf}
}

@misc{libretexts_abm,
  author = {Izquierdo, L. R. and Izquierdo, S. S. and Sandholm, W. H.},
  year = {2023},
  title = {Introduction to agent-based modeling},
  note = {Mathematics LibreTexts},
  url = {https://math.libretexts.org/Bookshelves/Applied_Mathematics/Agent-Based_Evolutionary_Game_Dynamics_(Izquierdo_Izquierdo_and_Sandholm)/01%3A_Introduction/1.02%3A_Introduction_to_agent-based_modeling}
}

@misc{brookings_artificial,
  author = {Brookings Institution},
  year = {2020},
  title = {Growing Artificial Societies},
  url = {https://www.brookings.edu/books/growing-artificial-societies/}
}

@misc{smythos_netlogo,
  author = {Smythos},
  year = {2025},
  title = {Understanding Agent-Based Modeling: An Overview with NetLogo},
  url = {https://smythos.com/ai-agents/agent-architectures/agent-based-modeling-and-netlogo/}
}

@misc{complexity_explorer,
  author = {Complexity Explorer},
  year = {2025},
  title = {Growing Artificial Societies: Social Science from the Bottom Up},
  url = {https://www.complexityexplorer.org/explore/resources/509-growing-artificial-societies-social-science-from-the-bottom-up}
}

@misc{fourweekmba,
  author = {FourWeekMBA},
  year = {2024},
  title = {Agent-Based Modeling},
  url = {https://fourweekmba.com/agent-based-modeling/}
}

@misc{4strat_abm,
  author = {4strat},
  year = {2025},
  title = {Agentenbasierte Modellierung},
  url = {https://www.4strat.com/strategy/agent-based-modelling-abm/}
}

@misc{army-indicators,
  author = {Potential Indicators},
  year = {2024},
  title = {U.S. Army Branch Indicators},
  note = {Attached file: Potential-Indicators.pdf}
}

@misc{combat-analysis,
  author = {Combat Analysis},
  year = {2024},
  title = {Understanding Force Projection: Strategies for Military Readiness},
  url = {https://combatanalysis.com/force-projection/}
}

@misc{libretexts-force,
  author = {Udoeyo},
  year = {2023},
  title = {Force Method of Analysis of Indeterminate Structures},
  note = {Engineering LibreTexts},
  url = {https://eng.libretexts.org/Bookshelves/Civil_Engineering/Structural_Analysis_(Udoeyo)/01:_Chapters/1.10:_Force_Method_of_Analysis_of_Indeterminate_Structures}
}

@misc{markov-career,
  author = {Towards Data Science},
  year = {2025},
  title = {Hands on Career Path Modelling Using Markov Chain, with Python},
  url = {https://towardsdatascience.com/hands-on-career-path-modelling-using-markov-chain-with-python-022f09090c31/}
}

@techreport{navy-manpower,
  author = {Shoecraft, M. R.},
  year = {1985},
  title = {An Aggregate Manpower Projection Model for Long-Range Planning},
  institution = {Navy Personnel Research and Development Center},
  number = {NPRDC-TR-85-25}
}

@misc{eisler-allen,
  author = {Eisler, C. and Allen, D.},
  title = {A Strategic Simulation Tool for Capability-Based Joint Force Structure Analysis},
  institution = {Centre for Operational Research and Analysis, Defence R\&D Canada}
}

@misc{msm-package,
  author = {Jackson, C.},
  year = {2011},
  title = {Multi-state modelling with R: the msm package},
  note = {CRAN Documentation},
  url = {https://cran.r-project.org/web/packages/msm/vignettes/msm-manual.pdf}
}

@misc{markovchain-package,
  author = {Spedicato, G. A. and Kang, T. S. and Yalamanchi, S. B. and Yadav, D. and Cordón, I.},
  title = {A Package for Easily Handling Discrete Markov Chains in R},
  note = {CRAN Documentation},
  url = {https://cran.r-project.org/web/packages/markovchain/vignettes/an_introduction_to_markovchain_package.pdf}
}

@article{lifelines,
  author = {Davidson-Pilon, C.},
  year = {2019},
  title = {lifelines: survival analysis in Python},
  journal = {Journal of Open Source Software},
  volume = {4},
  number = {40},
  pages = {1317}
}

@misc{simpy,
  author = {SimPy},
  year = {2003},
  title = {SimPy - Wikipedia},
  url = {https://en.wikipedia.org/wiki/SimPy}
}

@techreport{army-transformation,
  author = {Feickert, A.},
  year = {2025},
  title = {The 2024 Army Force Structure Transformation Initiative},
  institution = {Congressional Research Service},
  number = {Report R47985}
}

@misc{force-expressions,
  author = {Steeneken},
  year = {2025},
  title = {Force expressions and projections},
  note = {Engineering LibreTexts},
  url = {https://eng.libretexts.org/Bookshelves/Mechanical_Engineering/Introductory_Dynamics:_2D_Kinematics_and_Kinetics_of_Point_Masses_and_Rigid_Bodies_(Steeneken)/02:_Dynamics_of_Point_Masses/06:_Kinetics_of_Point_Masses/6.09:_Force_expressions_and_projections}
}

@article{markov-career-progression,
  author = {Ideas RePEc},
  year = {2013},
  title = {Estimation of career progression and growth properties in Markov manpower systems with a competitive climate},
  journal = {International Journal of Business and Systems Research},
  volume = {7},
  number = {3},
  pages = {292--317}
}

@misc{manpower-simulation,
  author = {Industry Era},
  year = {2017},
  title = {Manpower Simulation Model: An Integrated Scenario Analysis, Policy Evaluation, and Forecasting Capability},
  note = {White Paper}
}

@techreport{army-white-paper,
  author      = {U.S. Army},
  title       = {Army Force Structure Transformation},
  year        = {2024},
  month       = {February},
  institution = {United States Army},
  address     = {Washington, DC, United States},
  type        = {White Paper},
  url         = {https://api.army.mil/e2/c/downloads/2024/02/27/091989c9/army-white-paper-army-force-structure-transformation.pdf},
  note        = {Accessed August 25, 2025}
}

@misc{markov-academic,
  author = {Moi University},
  title = {APPLICATION OF MARKOV CHAIN MODEL IN CAREER progression},
  journal = {Mathematical Theory and Modeling},
  url = {https://www.iiste.org/Journals/index.php/MTM/article/download/50996/52706}
}

@article{wage-rates-force,
  author = {RAND Corporation},
  year = {2013},
  title = {Optimal Wage Rates and Force Composition in Military Manpower Planning},
  journal = {Management Science},
  url = {https://pubsonline.informs.org/doi/10.1287/mnsc.23.3.257}
}

@misc{army-sustainment,
  author = {Perna, G.},
  year = {2018},
  title = {Force Projection},
  note = {Army Sustainment University},
  url = {https://asu.army.mil/alog/2018/MARAPR18/pdf/MARAPR2018.pdf}
}

@techreport{retention-analysis,
  author = {Ahn, S. Y. and Menichini, A. A.},
  year = {2019},
  title = {Retention Analysis Modeling for the Acquisition Workforce},
  institution = {Naval Postgraduate School Acquisition Research Program},
  number = {Report NPS-HR-20-001}
}

@article{air-force-career,
  author = {Wiggins, A. L.},
  year = {2022},
  title = {U.S. Air Force Career Field Management at the Intersection of Futures Studies and Systems Thinking},
  journal = {Journal of Systems Thinking Preprints},
  doi = {10.54120/jost.pr000016.v1}
}

@article{wilensky2023,
  author = {Wilensky, U. and Rand, W.},
  year = {2023},
  title = {A Methodology to Develop Agent-Based Models for Policy Support Via Qualitative Inquiry},
  journal = {Journal of Artificial Societies and Social Simulation},
  volume = {26},
  number = {1},
  pages = {10}
}

@misc{number-analytics2,
  author = {Lee, S.},
  year = {2025},
  title = {Policy Simulation Guide for Public Policy Analysis},
  note = {Number Analytics Blog}
}

@incollection{furtado2023,
  author = {Furtado, B. A.},
  year = {2023},
  title = {Simulation Modeling as a Policy Tool},
  booktitle = {Handbook of Policy Tools},
  editor = {Howlett, M.},
  publisher = {Routledge}
}

@misc{mspb-job-sim,
  author = {U.S. Merit Systems Protection Board},
  title = {Job Simulations: Trying out for a Federal Job},
  note = {PDF report}
}

@inproceedings{wsc2024,
  author = {Biller, B. and Berg, T. and Alfaro Rivas, N. and Chen, T.-S. and Dronzek, R.},
  year = {2024},
  title = {Panel: Learning from Career Paths of Simulation Practitioners},
  booktitle = {Proceedings of the 2024 Winter Simulation Conference}
}

@misc{potential2024,
  author = {Potential Indicators},
  year = {2024},
  title = {U.S. Army Branch Indicators},
  note = {Internal Document}
}

@misc{afpc2005,
  author = {AFPC analysts support force development vision},
  year = {2005},
  title = {AFPC analysts support force development vision},
  note = {AF.mil},
  url = {https://www.af.mil/News/Article-Display/Article/133698/afpc-analysts-support-force-development-vision/}
}

@article{manzo2020,
  author = {Manzo, G. and Todeschini, F.},
  year = {2020},
  title = {Mapping career patterns in research: A sequence analysis of career histories of applicants to the European Research Council},
  journal = {PLOS ONE},
  volume = {15},
  number = {7},
  pages = {e0235252}
}

@article{vannoni2018,
  author = {Vannoni, M. and John, P.},
  year = {2018},
  title = {Using sequence analysis to understand career progression: An application to the UK House of Commons},
  journal = {Political Science Research and Methods},
  volume = {6},
  number = {3},
  pages = {589--604}
}

@article{otieno2020,
  author = {Otieno, O. S. and Oyala, C. O.},
  year = {2020},
  title = {Application of Markov chain model in career progression of university academic staff: A case study of Moi University-Eldoret, Kenya},
  journal = {Mathematical Theory and Modeling},
  volume = {10},
  number = {1},
  pages = {1--15}
}

@article{abbott1995,
  author = {Abbott, A. and Tsay, A.},
  year = {2000},
  title = {Sequence analysis and optimal matching methods in sociology: Review and prospect},
  journal = {Sociological Methods \& Research},
  volume = {29},
  number = {1},
  pages = {3--33}
}

@mastersthesis{hoglin2004,
  author = {Hoglin, P. J.},
  year = {2004},
  title = {Survival analysis and accession optimization of prior enlisted United States Marine Corps officers},
  school = {Naval Postgraduate School}
}

@misc{traminer2024,
  title = {TraMineR: Sequence Analysis},
  year = {2024},
  url = {https://traminer.unige.ch}
}

@misc{lifelines2024,
  title = {lifelines — lifelines 0.30.0 documentation},
  year = {2024},
  url = {https://lifelines.readthedocs.io}
}

@misc{1,
  title = {A Comparative Analysis of Branch Prediction Schemes},
  year = {1995},
  institution = {University of California, Davis},
  url = {https://www.cs.ucdavis.edu/~su/Berkeley/cs252/project.html}
}

@misc{2,
  title = {Building Better Pathways An Analysis of Career Trajectories and Occupational Transitions},
  year = {2023},
  note = {Workforce GPS},
  url = {https://strategies.workforcegps.org/resources/2023/05/15/15/51/Building-Better-Pathways-An-Analysis-of-Career-Trajectories-and-Occupational-Transitions}
}

@misc{3,
  title = {Branch Current Method Analysis},
  note = {All About Circuits},
  url = {https://www.allaboutcircuits.com/textbook/direct-current/chpt-10/branch-current-method/}
}

@misc{4,
  author = {Senger, Elena and Campbell, Yuri and van der Goot, Rob and Plank, Barbara},
  title = {Karrierewege: A Large Scale Career Path Prediction Dataset},
  year = {2019},
  note = {arXiv preprint arXiv:2412.14612v1}
}

@misc{5,
  author = {Wienclaw, Ruth A.},
  year = {2021},
  title = {Comparative Sociology},
  note = {EBSCO Research Starters}
}

@article{6,
  author = {Senger, Elena and others},
  year = {2020},
  title = {Meta-Research: Task specialization across research careers},
  journal = {eLife},
  volume = {9},
  pages = {e60586}
}

@misc{7,
  title = {Careers in Clinical Sociology},
  note = {American Sociological Association},
  url = {https://www.asanet.org/wp-content/uploads/savvy/images/employment/docs/pdf/clinsoc_45575v2.pdf}
}

@misc{8,
  title = {Career trajectories in retail and wholesale - A sequential approach},
  year = {2021},
  note = {ECB Working Paper},
  url = {https://www.econstor.eu/bitstream/10419/246771/1/hfi-wp017.pdf}
}

@misc{9,
  title = {Group Based Trajectory Modelling},
  note = {MOOC Material},
  url = {https://fe.up.pt/complext/images/demo/MOOC_material/GBTM.pdf}
}

@misc{10,
  title = {Using Sequence Analysis to Understand Career Progression},
  year = {2018},
  note = {Political Methodology},
  url = {https://polmeth.theopenscholar.com/files/polmeth/files/mp-careers-v25_a_-with-title.pdf}
}

@misc{11,
  title = {TraMineR: Sequence Analysis},
  year = {2024},
  institution = {University of Geneva},
  url = {https://traminer.unige.ch}
}

@article{12,
  author = {Jones, Bobby L. and Nagin, Daniel S. and Roeder, Kathryn},
  year = {2001},
  title = {A SAS Procedure Based on Mixture Models for Estimating Developmental Trajectories},
  journal = {Sociological Methods \& Research},
  volume = {29},
  number = {3},
  pages = {374--393}
}

@misc{13,
  title = {lcmm: Extended Mixed Models Using Latent Classes and Latent Processes},
  year = {2025},
  note = {CRAN},
  url = {https://cran.r-project.org/web/packages/lcmm/lcmm.pdf}
}

@article{14,
  author = {Cheng, Siwei and Merchant, Emily C. Klancher},
  year = {2022},
  title = {Dynamic work trajectories and their interplay with family over the life course},
  journal = {Current Opinion in Psychology},
  volume = {46},
  pages = {101331}
}

@misc{15,
  author = {Young, Cliff and Gloy, Nicolas and Smith, Michael D.},
  year = {1995},
  title = {A Comparative Analysis of Schemes for Correlated Branch Prediction},
  note = {Harvard University}
}

@misc{16,
  author = {Senger, Elena and others},
  year = {2025},
  title = {KARRIEREWEGE: A large scale Career Path Prediction Dataset},
  note = {COLING Industry Track}
}

@misc{micro_meso_macro,
  author      = {Saylor Academy},
  title       = {Micro, Meso, and Macro Approaches},
  year        = {2010},
  booktitle   = {Principles of Sociological Inquiry: Qualitative and Quantitative Methods},
  publisher   = {Saylor Academy},
  address     = {Washington, DC, United States},
  url         = {https://saylordotorg.github.io/text_principles-of-sociological-inquiry-qualitative-and-quantitative-methods/s05-01-micro-meso-and-macro-approache.html},
  note        = {Accessed August 25, 2025}
}

@article{20,
  author = {Proust-Lima, Cecile and others},
  year = {2017},
  title = {Estimation of Extended Mixed Models Using Latent Classes and Latent Processes},
  journal = {Journal of Statistical Software},
  volume = {78},
  number = {2},
  pages = {1--56}
}

@article{zinoviev2024discrete,
  author = {Zinoviev, Dmitry},
  title = {Discrete Event Simulation: It's Easy with SimPy!},
  journal = {arXiv preprint},
  year = {2024},
  url = {https://arxiv.org/pdf/2405.01562.pdf},
  note = {Suffolk University, Boston}
}

@article{young1977box,
  author = {Young, Warren L.},
  title = {The Box-Jenkins approach to time series analysis and forecasting},
  journal = {RAIRO - Operations Research},
  volume = {11},
  number = {2},
  pages = {129--159},
  year = {1977},
  publisher = {Numdam},
  url = {https://www.numdam.org/item/RO_1977__11_2_129_0.pdf}
}

@article{hansen2007optmatch,
  author = {Hansen, Ben B. and Klopfer, Stephanie Olsen},
  title = {Optimal Full Matching and Related Designs via Network Flows},
  journal = {Journal of Computational and Graphical Statistics},
  volume = {15},
  number = {3},
  pages = {609--627},
  year = {2006},
  note = {Also available as: Optmatch: Flexible, Optimal Matching for Observational Studies},
  url = {https://journal.r-project.org/articles/RN-2007-014/RN-2007-014.pdf}
}

@book{cornwell2015social,
  author = {Cornwell, Benjamin},
  title = {Social Sequence Analysis: Methods and Applications},
  publisher = {Cambridge University Press},
  year = {2015},
  isbn = {9781107435063},
  chapter = {1: Sequence Analysis in the Social Sciences},
  url = {https://www.cambridge.org/core/books/social-sequence-analysis/sequence-analysis-in-the-social-sciences/8EA8528394F741CE6D8E7DFFDA23C7C6}
}

@book{chen2018agent,
  author = {Chen, Shu-Heng and Kaboudan, Mahmoud and Du, Ye-Rong},
  title = {Agent-Based Models in Economics: A Toolkit},
  publisher = {Cambridge University Press},
  year = {2018},
  isbn = {9781108227278},
  url = {https://www.cambridge.org/core/books/agentbased-models-in-economics/E4FB7268269E7BCB8CE8E45894D105CC}
}

@article{collins2021,
  author = {Collins, Linda M.},
  title = {Practitioner's Guide to Latent Class Analysis},
  year = {2021},
  journal = {PMC}
}

@article{masyn2011,
  author = {Masyn, Katherine E.},
  title = {Latent Class Analysis: An Alternative Perspective on Subgroup Analysis},
  year = {2011},
  journal = {PMC}
}

@misc{ucla2024,
  author = {{UCLA Statistical Consulting Group}},
  title = {Basic latent class analysis model},
  year = {2024},
  howpublished = {UCLA Institute for Digital Research and Education}
}

@article{sustainability2025,
  author = {Morin, S. and others},
  title = {Pathways to Sustainable Careers: Exploring Motivational Profiles Through Latent Class Analysis},
  journal = {Sustainability},
  volume = {17},
  number = {3},
  pages = {1253},
  year = {2025}
}

@article{ramos2017,
  author = {Ramos-Villagrasa, P. J. and others},
  title = {Application of latent growth modeling to identify different working life trajectories: the case of the Spanish WORKss cohort},
  year = {2017},
  journal = {PubMed}
}

@misc{linzer2022,
  author = {Linzer, Drew and Lewis, Jeffrey},
  title = {poLCA: Polytomous Variable Latent Class Analysis},
  year = {2022},
  howpublished = {CRAN}
}

@misc{tidylpa2021,
  author = {Rosenberg, Joshua M. and others},
  title = {tidyLPA: Latent Profile Analysis},
  year = {2021},
  howpublished = {CRAN}
}

@misc{latentgold2025,
  author = {{Statistical Innovations}},
  title = {Powerful and User-Friendly Latent Class Analysis},
  year = {2025},
  howpublished = {LatentGOLD}
}

@manual{proclca2021,
  author = {Lanza, Stephanie T. and others},
  title = {PROC LCA \& PROC LTA Users' Guide Version 1.3.2},
  year = {2021},
  organization = {The Methodology Center, Penn State}
}

@misc{misty2013,
  author = {Yanagida, Takuya},
  title = {Mplus Model Specification for Latent Class Analysis},
  year = {2013},
  howpublished = {CRAN}
}

@article{pepe2007,
  author = {Pepe, Margaret S. and Janes, Holly},
  title = {Insights into latent class analysis of diagnostic test performance},
  journal = {Biostatistics},
  volume = {8},
  number = {2},
  pages = {474--484},
  year = {2007}
}

@misc{review2012,
  author       = {Nagin, Daniel S. and Odgers, Candice L.},
  title        = {Review and Discussion of Latent Class Trajectory Modeling},
  year         = {2012},
  howpublished = {VUMC Research Bulletin},
  institution  = {Vanderbilt University Medical Center},
  address      = {Nashville, Tennessee, United States},
  note         = {Accessed August 25, 2025}
}

@misc{stepmix2022,
  author = {Morin, S. and others},
  title = {StepMix: A Python Package for Pseudo-Likelihood Estimation of Generalized Mixture Models},
  year = {2022},
  howpublished = {PyPI}
}

@article{masyn2020,
  author = {Masyn, Katherine E.},
  title = {Latent Class Analysis: A Guide to Best Practice},
  year = {2020},
  journal = {Sage Journals}
}

@article{trajectory2022,
  author = {Cole, V. T. and others},
  title = {Latent class trajectory modelling: impact of changes in model specification},
  year = {2022},
  journal = {PMC}
}

@misc{ispor2016,
  author = {{ISPOR Student Network}},
  title = {A Primer on Latent Class Analysis},
  year = {2016},
  howpublished = {ISPOR}
}

@article{chen2021,
  author = {Chen, X. and others},
  title = {Using Latent Class Analysis to Link Career and Technical Education in Adolescence and Work and School Transitions in Young Adulthood},
  year = {2021},
  journal = {Ingenta Connect}
}

@misc{theanalysisfactor2024,
  author = {{Statology}},
  title = {What Is Latent Class Analysis?},
  year = {2024},
  howpublished = {The Analysis Factor}
}

@misc{statistics2013,
  author = {{Statistics.com}},
  title = {Latent Class Analysis (LCA)},
  year = {2013},
  howpublished = {Statistics.com Glossary}
}

@misc{jmp2010,
  author = {{JMP Statistical Software}},
  title = {Overview of the Latent Class Analysis Platform},
  year = {2010},
  howpublished = {JMP Support}
}

@online{collegerecruiter2025,
  author = {College Recruiter},
  year = {2025},
  title = {16 tips for math majors who are mapping their careers},
  organization = {College Recruiter Blog},
  url = {https://www.collegerecruiter.com/blog/2025/16-tips-for-math-majors}
}

@techreport{army_indicators,
  author = {U.S. Army},
  year = {2024},
  title = {Potential Indicators: U.S. Army Branch Indicators},
  institution = {U.S. Army},
  note = {Technical Report}
}

@techreport{cbo_force_structure,
  author    = {{Congressional Budget Office}},
  title     = {The U.S. Military's Force Structure: A Primer, 2021 Update},
  institution = {Congressional Budget Office},
  year      = {2021},
  month     = {September},
  number    = {57088},
  url       = {https://www.cbo.gov/publication/57088}
}

@online{combat_analysis,
  author    = {{Combat Analysis}},
  title     = {Understanding Force Projection: Strategies for Military Readiness},
  year      = {2024},
  url       = {https://combatanalysis.com/force-projection/}
}

@incollection{libretexts_force,
  author    = {Udoeyo},
  title     = {Force Method of Analysis of Indeterminate Structures},
  booktitle = {Engineering LibreTexts},
  year      = {2023},
  url       = {https://eng.libretexts.org/Bookshelves/Civil_Engineering/Structural_Analysis_(Udoeyo)/01:_Chapters/1.10:_Force_Method_of_Analysis_of_Indeterminate_Structures}
}

@online{markov_career,
  author    = {{Towards Data Science}},
  title     = {Hands on Career Path Modelling Using Markov Chain, with Python},
  year      = {2025},
  url       = {https://towardsdatascience.com/hands-on-career-path-modelling-using-markov-chain-with-python-022f09090c31/}
}

@techreport{navy_manpower,
  author    = {Shoecraft, M. R.},
  title     = {An Aggregate Manpower Projection Model for Long-Range Planning},
  institution = {Navy Personnel Research and Development Center},
  year      = {1985},
  number    = {NPRDC-TR-85-25}
}

@techreport{eisler_allen,
  author      = {Eisler, C. and Allen, D.},
  title       = {A Strategic Simulation Tool for Capability-Based Joint Force Structure Analysis},
  institution = {Centre for Operational Research and Analysis, Defence R\&D Canada},
  year        = {2003},
  number      = {TR 2003-149},
  address     = {Ottawa, Ontario, Canada},
  type        = {Technical Report}
}

@manual{msm_package,
  author    = {Jackson, C.},
  title     = {Multi-state modelling with R: the msm package},
  organization = {CRAN Documentation},
  year      = {2011},
  url       = {https://cran.r-project.org/web/packages/msm/vignettes/msm-manual.pdf}
}

@manual{markovchain_package,
  author    = {Spedicato, G. A. and Kang, T. S. and Yalamanchi, S. B. and Yadav, D. and Cordón, I.},
  title     = {A Package for Easily Handling Discrete Markov Chains in R},
  organization = {CRAN Documentation},
  url       = {https://cran.r-project.org/web/packages/markovchain/vignettes/an_introduction_to_markovchain_package.pdf}
}

@article{lifelines,
  author    = {Davidson-Pilon, C.},
  title     = {lifelines: survival analysis in Python},
  journal   = {Journal of Open Source Software},
  year      = {2019},
  volume    = {4},
  number    = {40},
  pages     = {1317}
}

@online{simpy,
  author    = {{SimPy}},
  title     = {SimPy - Wikipedia},
  year      = {2003},
  url       = {https://en.wikipedia.org/wiki/SimPy}
}

@techreport{army_transformation,
  author    = {Feickert, A.},
  title     = {The 2024 Army Force Structure Transformation Initiative},
  institution = {Congressional Research Service},
  year      = {2025},
  number    = {R47985}
}

@incollection{force_expressions,
  author      = {Steeneken},
  title       = {Force Expressions and Projections},
  booktitle   = {Engineering LibreTexts: Mechanical Engineering – Introductory Dynamics: 2D Kinematics and Kinetics of Point Masses and Rigid Bodies},
  year        = {2025},
  publisher   = {The LibreTexts Project, University of California, Davis},
  url         = {https://eng.libretexts.org/Bookshelves/Mechanical_Engineering/Introductory_Dynamics:_2D_Kinematics_and_Kinetics_of_Point_Masses_and_Rigid_Bodies_(Steeneken)/02:_Dynamics_of_Point_Masses/06:_Kinetics_of_Point_Masses/6.09:_Force_expressions_and_projections},
  note        = {Accessed August 25, 2025}
}

@article{markov_career_progression,
  author    = {{Ideas RePEc}},
  title     = {Estimation of career progression and growth properties in Markov manpower systems with a competitive climate},
  journal   = {International Journal of Business and Systems Research},
  year      = {2013},
  volume    = {7},
  number    = {3},
  pages     = {292--317}
}

@techreport{manpower_simulation,
  author      = {{Industry Era}},
  title       = {Manpower Simulation Model: An Integrated Scenario Analysis, Policy Evaluation, and Forecasting Capability},
  year        = {2017},
  type        = {White Paper},
  institution = {Industry Era},
  address     = {United States}
}

@techreport{army_white_paper,
  author    = {{U.S. Army}},
  title     = {Army Force Structure Transformation},
  institution = {U.S. Army},
  year      = {2024},
  type      = {Army White Paper},
  url       = {https://api.army.mil/e2/c/downloads/2024/02/27/091989c9/army-white-paper-army-force-structure-transformation.pdf}
}

@article{markov_academic,
  author    = {Ochieng Samuel Otieno and Caleb Okeyo Oyala},
  title     = {Application of Markov Chain Model in Career Progression of University Academic Staff: A Case Study of the Moi University-Eldoret, Kenya},
  journal   = {Mathematical Theory and Modeling},
  year      = {2020},
  volume    = {10},
  number    = {1},
  pages     = {1--14},
  publisher = {International Institute for Science, Technology & Education (IISTE)},
  url       = {https://www.iiste.org/Journals/index.php/MTM/article/download/50996/52706},
  issn      = {2224-5804},
  note      = {Accessed August 25, 2025}
}

@article{wage_rates_force,
  author    = {{RAND Corporation}},
  title     = {Optimal Wage Rates and Force Composition in Military Manpower Planning},
  journal   = {Management Science},
  year      = {2013},
  url       = {https://pubsonline.informs.org/doi/10.1287/mnsc.23.3.257}
}

@techreport{army_sustainment,
  author    = {Perna, G.},
  title     = {Force Projection},
  institution = {Army Sustainment University},
  year      = {2018},
  url       = {https://asu.army.mil/alog/2018/MARAPR18/pdf/MARAPR2018.pdf}
}

@techreport{retention_analysis,
  author    = {Ahn, S. Y. and Menichini, A. A.},
  title     = {Retention Analysis Modeling for the Acquisition Workforce},
  institution = {Naval Postgraduate School Acquisition Research Program},
  year      = {2019},
  number    = {NPS-HR-20-001}
}

@article{air_force_career,
  author    = {Wiggins, A. L.},
  title     = {U.S. Air Force Career Field Management at the Intersection of Futures Studies and Systems Thinking},
  journal   = {Journal of Systems Thinking Preprints},
  year      = {2022},
  doi       = {10.54120/jost.pr000016.v1}
}

@online{investopedia2024,
  author = {{Investopedia}},
  title = {Monte Carlo Simulation: What It Is, How It Works, History, 4 Key Steps},
  year = {2024},
  url = {https://www.investopedia.com/terms/m/montecarlosimulation.asp}
}

@misc{usp2024,
  author = {{University of São Paulo}},
  title = {Monte Carlo Simulation lecture},
  year = {2024},
  url = {https://edisciplinas.usp.br/pluginfile.php/5190162/mod_resource/content/1/Monte%20Carlo%20Simulation%20lecture.pdf}
}

@online{zainordin2022,
  author = {Zainordin, R.},
  title = {Simulation for Discrete Variable (Monte Carlo Method)},
  year = {2022},
  note = {YouTube video},
  url = {https://www.youtube.com/watch?v=CgAkhy05De4}
}

@online{sciencedirect2024,
  author = {{ScienceDirect}},
  title = {Monte Carlo Simulation - an overview},
  year = {2024},
  url = {https://www.sciencedirect.com/topics/economics-econometrics-and-finance/monte-carlo-simulation}
}

@book{rubinstein2016,
  author = {Rubinstein, R. Y. and Kroese, D. P.},
  title = {Simulation and the Monte Carlo Method},
  publisher = {Wiley Online Library},
  year = {2016}
}

@book{fishman2006,
  author = {Fishman, G.},
  title = {A First Course in Monte Carlo},
  publisher = {Thomson Learning},
  address = {Stamford, CT},
  year = {2006},
  note = {Book review in Chinese University of Hong Kong Statistics Department}
}

@online{poldrack2022,
  author = {Poldrack, R. A.},
  title = {Statistical Thinking for the 21st Century: Monte Carlo Simulation},
  year = {2022},
  url = {https://stats.libretexts.org/Bookshelves/Introductory_Statistics/Statistical_Thinking_for_the_21st_Century_(Poldrack)/14:_Resampling_and_Simulation/14.01:_Monte_Carlo_Simulation}
}

@article{guo2022nature,
  author = {Guo, P. and Xiao, K. and Ye, Z. and Zhu, H. and Zhu, W.},
  title = {Intelligent career planning via stochastic subsampling reinforcement learning},
  journal = {Nature Scientific Reports},
  volume = {12},
  pages = {8332},
  year = {2022}
}

@article{petersen2012,
  author = {Petersen, A. M. and others},
  title = {Persistence and uncertainty in the academic career},
  journal = {Proceedings of the National Academy of Sciences},
  volume = {109},
  number = {14},
  pages = {5213--5218},
  year = {2012}
}

@manual{montecarlo2019,
  author = {Schlaffer, C. and Heiler, G.},
  title = {The MonteCarlo Package Vignette},
  organization = {CRAN},
  year = {2019},
  url = {https://cran.r-project.org/web/packages/MonteCarlo/vignettes/MonteCarlo-Vignette.html}
}

@online{monaco2025,
  author = {{monaco development team}},
  title = {monaco - PyPI},
  year = {2025},
  url = {https://pypi.org/project/monaco/}
}

@online{reddit2018,
  author = {{Reddit Statistics Community}},
  title = {Jobs which Utilise Monte Carlo Simulation},
  year = {2018},
  url = {https://www.reddit.com/r/statistics/comments/8svwr1/jobs_which_utilise_monte_carlo_simulation/}
}

@book{rubinstein2017,
  author = {Rubinstein, R. Y. and Kroese, D. P.},
  title = {Simulation and the Monte Carlo Method},
  edition = {3rd},
  publisher = {John Wiley \& Sons},
  year = {2017}
}

@article{guo2022pmc,
  author = {Guo, P. and Xiao, K. and Ye, Z. and Zhu, H. and Zhu, W.},
  title = {Intelligent career planning via stochastic subsampling reinforcement learning},
  journal = {PMC},
  number = {PMC9117248},
  year = {2022}
}

@manual{tidymc2025,
  author = {{tidyMC development team}},
  title = {Monte Carlo Simulations made easy and tidy with tidyMC},
  organization = {CRAN},
  year = {2025},
  url = {https://cran.r-project.org/web/packages/tidyMC/vignettes/tidyMC.html}
}

@online{indeed2025,
  author = {{Indeed Career Guide}},
  title = {What Is the Monte Carlo Simulation? (And Steps for Using it)},
  year = {2025},
  url = {https://www.indeed.com/career-advice/career-development/monte-carlo-simulation}
}

@misc{montetools2023,
  author = {Kosty, S.},
  title = {montetools: An R package for running and presenting Monte Carlo simulations},
  year = {2023},
  howpublished = {GitHub},
  url = {https://github.com/scottkosty/montetools}
}

@techreport{nasa2020,
  author = {{NASA}},
  title = {Multi-Model Monte Carlo Estimators for Trajectory Simulation},
  institution = {NASA Technical Reports Server},
  year = {2020}
}

@online{cfi2025,
  author = {{Corporate Finance Institute}},
  title = {Monte Carlo Simulation - How it Works, Application},
  year = {2025},
  url = {https://corporatefinanceinstitute.com/resources/financial-modeling/monte-carlo-simulation/}
}

@online{datascience2025,
  author = {{Towards Data Science}},
  title = {Hands on Career Path Modelling Using Markov Chain, with Python},
  year = {2025},
  url = {https://towardsdatascience.com/hands-on-career-path-modelling-using-markov-chain-with-python-022f09090c31/}
}

@online{gartner2024,
  author = {Gartner},
  year = {2024},
  title = {Strategic workforce planning sets HR up to identify talent needs associated with the organization's future goals},
  journal = {Gartner Human Resources Insights},
  url = {https://www.gartner.com/en/human-resources/insights/workforce-planning}
}

@online{qualee2025,
  author = {Qualee},
  year = {2025},
  title = {What Is Strategic Workforce Planning?},
  journal = {HR Glossary},
  url = {https://www.qualee.com/hr-glossary/strategic-workforce-planning}
}

@online{studocu2025,
  author = {StudoCu},
  year = {2025},
  title = {Strategic workforce planning is influenced by several factors - Hospitality management},
  journal = {StudoCu Resource},
  url = {https://www.studocu.com/row/messages/question/12918224/strategic-workforce-planning-is-influenced-by-several-factors}
}

@thesis{petersen2022,
  author = {Petersen, T.},
  year = {2022},
  title = {Strategic Workforce Planning Model in Business Intelligence},
  type = {Master's thesis},
  institution = {University of Twente},
  url = {http://essay.utwente.nl/92900/1/Petersen_MA_BMS.pdf}
}

@online{workforcedm2024,
  author = {WorkforceDM},
  year = {2024},
  title = {Markov Chain - Simple and powerful model for organization dynamics},
  journal = {WorkforceDM Articles},
  url = {https://www.workforcedm.com/articles/markov-chain-simple-and-powerful-model-for-organization-dynamics}
}

@inproceedings{ghosh2020,
  author = {Ghosh, A. and Woolf, B. and Zilberstein, S. and Lan, A.},
  year = {2020},
  title = {Skill-based Career Path Modeling and Recommendation},
  booktitle = {IEEE Conference Proceedings},
  pages = {1156--1165},
  url = {https://par.nsf.gov/servlets/purl/10237416}
}

@online{coursehero2024,
  author = {Course Hero},
  year = {2024},
  title = {Markov models do not examine individual employees but instead examine overall patterns},
  journal = {Course Hero},
  url = {https://www.coursehero.com/file/p5fr7h4b/Markov-models-do-not-examine-individual-employees-but-instead-examine-overall/}
}

@article{healthcare2018,
  author = {},
  year = {2018},
  title = {Strategic workforce planning in healthcare: A multi-methodology approach},
  journal = {European Journal of Operational Research},
  volume = {267},
  number = {1},
  pages = {250--263},
  url = {https://ideas.repec.org/a/eee/ejores/v267y2018i1p250-263.html}
}

@online{thinkdev2023,
  author = {ThinkDev},
  year = {2023},
  title = {The Pitfalls of Poor Workforce Planning},
  journal = {ThinkDev Blog},
  url = {https://thinkdev.org/blog/the-pitfalls-of-poor-workforce-planning}
}

@manual{jackson2024,
  author = {Jackson, C.},
  year = {2024},
  title = {The msm package - Multi-state modelling with R},
  organization = {CRAN},
  note = {Documentation, Version 1.8.2},
  url = {https://cran.r-project.org/web/packages/msm/vignettes/msm-manual.pdf}
}

@online{schreiber2019,
  author = {Schreiber, J.},
  year = {2019},
  title = {Pomegranate: Fast and Flexible Probabilistic Modeling in Python},
  journal = {ODSC Conference},
  url = {https://odsc.com/speakers/title-coming-soon-12/}
}

@online{aihr2024,
  author = {AIHR},
  year = {2024},
  title = {Strategic Workforce Planning 101: Framework \& Process},
  journal = {AIHR Blog},
  url = {https://www.aihr.com/blog/strategic-workforce-planning/}
}

@online{staffany2023,
  author = {StaffAny},
  year = {2023},
  title = {Strategic Workforce Planning: Definition and Benefits},
  journal = {StaffAny Blog},
  url = {https://www.staffany.com/blog/strategic-workforce-planning/}
}

@online{markovml2024,
  author = {MarkovML},
  year = {2024},
  title = {Fundamentals of Markov Analysis: Theory \& Industry Use-cases},
  journal = {MarkovML Blog},
  url = {https://www.markovml.com/blog/markov-analysis}
}

@techreport{mit2022,
  author = {MIT},
  year = {2022},
  title = {Strategic Workforce Planning Under Uncertainty},
  institution = {MIT},
  note = {Operations Research Working Paper},
  url = {https://web.mit.edu/jaillet/www/general/or-jls-22.pdf}
}

@online{opm2024,
  author = {U.S. Office of Personnel Management},
  year = {2024},
  title = {OPM's Workforce Planning Model},
  journal = {},
  url = {https://www.opm.gov/policy-data-oversight/human-capital-framework/reference-materials/strategic-alignment/workforceplanning.pdf}
}

@article{ezugwu2017,
  author = {Ezugwu, V. O. and Ologun, S.},
  year = {2017},
  title = {Markov Chain: A Predictive Model for Manpower Planning},
  journal = {Journal of Applied Science and Environmental Management},
  volume = {21},
  number = {3},
  pages = {557--565},
  url = {http://www.bioline.org.br/pdf?ja17060}
}

@online{runn2024,
  author = {Runn},
  year = {2024},
  title = {4 Workforce Planning Models Explained},
  journal = {Runn Blog},
  url = {https://www.runn.io/blog/workforce-planning-models}
}

@online{talentguard2025,
  author = {TalentGuard},
  year = {2025},
  title = {How to Create a Workforce Planning Model},
  journal = {TalentGuard Resources},
  url = {https://www.talentguard.com/how-to-create-a-workforce-planning-model}
}

@online{opm2022,
  author = {U.S. Office of Personnel Management},
  year = {2022},
  title = {Workforce Planning Guide},
  journal = {},
  url = {https://www.opm.gov/policy-data-oversight/human-capital-framework/reference-materials/talent-management/workforce-planning-guide.pdf}
}

@online{systemdynamics_org,
  author = {System Dynamics Society},
  year = {2022},
  title = {What is System Dynamics},
  url = {https://systemdynamics.org/what-is-system-dynamics/}
}

@book{sterman_review,
  author = {Sterman, J.},
  year = {2000},
  title = {Business Dynamics: Systems Thinking and Modeling for a Complex World},
  publisher = {Irwin/McGraw-Hill},
  address = {Homewood, IL}
}

@online{forrester_origin,
  author = {System Dynamics Society},
  year = {2022},
  title = {Origin of System Dynamics},
  url = {https://systemdynamics.org/origin-of-system-dynamics/}
}

@unpublished{senge_fifth,
  author = {Senge, P.},
  year = {2003},
  title = {The Fifth Discipline: The Art and Practice of the Learning Organization},
  note = {Wikipedia entry}
}

@book{industrial_dynamics,
  author = {Forrester, J. W.},
  year = {1999},
  title = {Industrial Dynamics},
  publisher = {System Dynamics Society},
  note = {Originally published 1961}
}

@inproceedings{ibm_workforce,
  author = {Yoshizuimi, T. and Okano, H.},
  year = {2007},
  title = {Effective workforce lifecycle management via System Dynamics modeling and simulation},
  booktitle = {WSC 2007}
}

@thesis{dulce_thesis,
  author = {Dulce, R. II},
  year = {2024},
  title = {A System Dynamics Approach to Analyzing U.S. Army Officer Talent Retention},
  school = {MIT SDM Thesis}
}

@online{sd_limitations,
  author = {Sustainability Directory},
  year = {2025},
  title = {What Are the Limitations of System Dynamics Approach?},
  url = {https://pollution.sustainability-directory.com/}
}

@article{sterman_tools,
  author = {Sterman, J. D.},
  year = {2001},
  title = {System Dynamics Modeling: Tools for Learning in a Complex World},
  journal = {California Management Review},
  volume = {43},
  number = {4}
}

@manual{systems_analysis,
  author = {IISD SAVI Academy},
  year = {2020},
  title = {Introduction to Systems Analysis and System Dynamics},
  note = {PDF Document}
}

@manual{pysd,
  author = {PySD Development Team},
  year = {2015},
  title = {PySD - Python System Dynamics},
  url = {https://pysd.readthedocs.io}
}

@manual{bptk_py,
  author = {transentis},
  year = {2019},
  title = {BPTK-Py: Business Prototyping Toolkit for Python},
  note = {PyPI package version 0.5}
}

@manual{simecol,
  author = {Petzoldt, T.},
  year = {2025},
  title = {simecol: Simulation of Ecological (and Other) Dynamic Systems},
  note = {CRAN R package version 0.9-2}
}

@online{sd_wikipedia,
  author = {{Wikipedia contributors}},
  year = {2002},
  title = {System Dynamics},
  url = {https://en.wikipedia.org/wiki/System_dynamics}
}

@article{forrester_decade,
  author = {Forrester, J. W.},
  year = {1968},
  title = {Industrial Dynamics—After the First Decade},
  journal = {Management Science},
  volume = {14},
  number = {7},
  pages = {398--415}
}

@inproceedings{military_capability,
  author = {},
  year = {2024},
  title = {Bolstering a Proxy Actor's Military Capability},
  booktitle = {Proceedings of the System Dynamics Society},
  note = {Conference Paper P1250}
}

@online{umbrex_framework,
  author = {Umbrex},
  year = {2025},
  title = {What is the System Dynamics Model?},
  url = {https://umbrex.com/resources/change-management-frameworks/}
}

@techreport{rand_officer,
  author = {RAND Corporation},
  year = {2004},
  title = {Building an Officer Corps for the Future},
  note = {Research Brief RB-7503}
}

@manual{building_model,
  author = {MIT},
  year = {1998},
  title = {Building a System Dynamics Model Part 1: Conceptualization},
  note = {OCW Document D-4597}
}

@online{fourweekmba,
  author = {FourWeekMBA},
  year = {2024},
  title = {System Dynamics},
  url = {https://fourweekmba.com/system-dynamics/}
}

@online{superannotate_ml,
  author = {SuperAnnotate},
  year = {2022},
  title = {How to optimize your machine learning pipeline: Rules to consider},
  url = {https://www.superannotate.com/blog/how-to-optimize-machine-learning-pipeline}
}

@inproceedings{talent_pipelines,
  title = {Innovative Approaches to Building Comprehensive Talent Pipelines: Helping to Grow a Strong and Diverse Professional Workforce},
  booktitle = {IIIS Conference Proceedings},
  year = {2015}
}

@online{dynapipe_amazon,
  author = {Amazon Science},
  year = {2024},
  title = {Optimizing multi-task training through dynamic pipelines},
  url = {https://www.amazon.science/code-and-datasets/optimizing-multi-task-training-through-dynamic-pipelines}
}

@article{jobcomposer,
  author = {Oentaryo, Richard J. and Ashok, Xavier Jayaraj Siddarth and Lim, Ee-Peng and Prasetyo, Philips Kokoh},
  year = {2018},
  title = {JobComposer: Career Path Optimization via Multicriteria Utility Learning},
  journal = {arXiv preprint arXiv:1809.01062}
}

@online{tpot,
  author = {Epistasis Lab},
  year = {2022},
  title = {TPOT},
  url = {http://epistasislab.github.io/tpot/}
}

@inproceedings{mlr3pipelines,
  author = {Binder, Martin and Pfisterer, Florian and Lang, Michel and Bischl, Bernd},
  year = {2019},
  title = {mlr3pipelines: Machine Learning Pipelines as Graphs},
  booktitle = {UseR! 2019 Conference}
}

@article{autosklearn,
  author = {Feurer, M. and Eggensperger, K. and Falkner, S. and Lindauer, M. and Hutter, F.},
  year = {2020},
  title = {Auto-Sklearn 2.0: Hands-free AutoML via Meta-Learning},
  journal = {Papers with Code},
  url = {https://paperswithcode.com/paper/auto-sklearn-2-0-the-next-generation}
}

@incollection{trajectory_dp,
  author = {Atkeson, Christopher G. and Liu, Chenggang},
  year = {2013},
  title = {Trajectory-Based Dynamic Programming},
  booktitle = {Modeling, Simulation and Optimization},
  pages = {1-15},
  publisher = {Springer}
}

@manual{dynamic_programming,
  author = {MIT},
  year = {2021},
  title = {Dynamic Programming. MIT Course Materials, Chapter 11},
  url = {http://web.mit.edu/15.053/www/AMP-Chapter-11.pdf}
}

@article{career_optimization,
  author = {Somavarapu, Sushira and Singh, Anand},
  year = {2025},
  title = {Optimizing Employee Career Pathways Using Network Analysis and Machine Learning at Scale},
  journal = {International Research Journal of Modernization in Engineering Technology and Science},
  volume = {7},
  number = {4},
  pages = {5266-5275}
}

@online{dynapipe_eurosys,
  author = {Jiang, Chenyu and et al.},
  year = {2024},
  title = {DynaPipe: Optimizing Multi-task Training through Dynamic Pipelines},
  journal = {Proceedings of the European Conference on Computer Systems (EuroSys)},
  url = {https://www.amazon.science/publications/dynapipe-optimizing-multi-task-training-through-dynamic-pipelines}
}

@online{mlops_pipelines,
  author = {MLOps Community},
  year = {2023},
  title = {Bag of Tricks for Optimizing Machine Learning Training Pipelines},
  url = {https://mlops.community/optimizing-machine-learning-training-pipelines/}
}

@online{succession_pipelines,
  author = {Cezanne HR},
  year = {2024},
  title = {Career \& succession pipelines: your 8 steps to success},
  url = {https://cezannehr.com/hr-blog/2024/12/career-succession-pipelines-your-8-steps-to-success/}
}

@online{tpot_kdnuggets,
  author = {KDnuggets},
  year = {2022},
  title = {Machine Learning Pipeline Optimization with TPOT},
  url = {https://www.kdnuggets.com/2021/05/machine-learning-pipeline-optimization-tpot.html}
}

@article{dynapipe_arxiv,
  author = {Jiang, Chenyu and et al.},
  year = {2023},
  title = {DynaPipe: Optimizing Multi-task Training through Dynamic Pipelines},
  journal = {arXiv preprint arXiv:2311.10418}
}

@online{shelf_optimization,
  author = {Shelf.io},
  year = {2024},
  title = {Optimize Machine Learning Pipelines for Faster Deployment},
  url = {https://shelf.io/blog/how-to-optimize-machine-learning-pipelines-for-faster-deployment/}
}

@inproceedings{tpot_mlr,
  author = {Olson, Randal S. and Bartley, Nathan and Urbanowicz, Ryan J. and Moore, Jason H.},
  year = {2016},
  title = {TPOT: A Tree-based Pipeline Optimization Tool for Automating Machine Learning},
  booktitle = {Proceedings of the Workshop on Automatic Machine Learning},
  pages = {66-74}
}

@manual{preprocessing_optimization,
  author = {Lawrence Berkeley National Laboratory},
  year = {2021},
  title = {Scientific Deep Learning Preprocessing Pipeline Optimization}
}

@online{restack_optimization,
  author = {Restack.io},
  year = {2025},
  title = {Advanced Training Optimization Techniques},
  url = {https://www.restack.io/p/enhancing-ml-pipeline-performance-answer-advanced-training-optimization-techniques-cat-ai}
}

@article{alachkar2023sponsor,
  author = {Alachkar, H. and others},
  year = {2023},
  month = {March},
  title = {How to Sponsor, Coach, and Mentor: A Qualitative Study With Faculty},
  journal = {Family Medicine}
}

@online{togetherplatform2023mentoring,
  author = {Together Platform},
  year = {2023},
  title = {Mentoring Programs: Purpose, Benefits + How to Get Your}
}

@article{cdc2015network,
  author = {Centers for Disease Control and Prevention},
  year = {2015},
  title = {Using Social Network Analysis to Assess Mentorship and Collaboration in a Public Health Network},
  journal = {Preventing Chronic Disease}
}

@article{dubois2011does,
  author = {DuBois, D. L. and others},
  year = {2011},
  title = {Does Mentoring Matter? A Multidisciplinary Meta-Analysis Comparing Mentored and Non-Mentored Individuals},
  journal = {Journal of Vocational Behavior}
}

@manual{cran2023rsiena,
  author = {R Project},
  year = {2023},
  title = {CRAN: Package RSiena}
}

@manual{cran2023statnet,
  author = {statnet Development Team},
  year = {2023},
  title = {statnet: Software Tools for the Statistical Analysis of Network Data}
}

@manual{networkx2023documentation,
  author = {NetworkX Developers},
  year = {2023},
  title = {NetworkX — NetworkX documentation}
}

@manual{graphtool2023python,
  author = {Peixoto, T. P.},
  year = {2023},
  title = {graph-tool: Efficient network analysis with Python}
}

@manual{oxford2012siena,
  author = {Snijders, T. A. B.},
  year = {2012},
  title = {An Introduction to Stochastic Actor Oriented Models},
  organization = {University of Oxford}
}

@presentation{higgins2023celebrating,
  author = {Higgins, M.},
  year = {2023},
  title = {Celebrating Mentoring!},
  organization = {Massachusetts General Hospital}
}

@manual{traminer2023sequence,
  author = {TraMineR Development Team},
  year = {2023},
  title = {TraMineR: Sequence Analysis}
}

@article{misq2008career,
  author = {Joseph, D. and others},
  year = {2008},
  title = {The Career Paths Less (or More) Traveled: A Sequence Analysis of IT Career Histories, Mobility Patterns, and Career Success},
  journal = {MIS Quarterly}
}

@article{pmc2015mapping,
  author = {Fernandez-Zubieta, A. and others},
  year = {2015},
  title = {Mapping career patterns in research: A sequence analysis of career histories of researchers},
  journal = {Research Policy}
}

@article{rsna2021mentorship,
  author = {Radiological Society of North America},
  year = {2021},
  title = {Mentorship, Sponsorship, and Coaching for Trainee Career Development},
  journal = {RadioGraphics}
}

@online{visible_network_labs,
  author = {Visible Network Labs},
  year = {2023},
  title = {Social Network Analysis 101: Ultimate Guide},
  url = {https://visiblenetworklabs.com/guides/social-network-analysis-101/}
}

@online{indeed_career_trajectory,
  author = {Indeed},
  title = {What Is a Career Trajectory? (And How To Create One)},
  url = {https://www.indeed.com/career-advice/career-development/what-is-career-trajectory}
}

@online{cambridge_intelligence_centrality,
  author = {Cambridge Intelligence},
  year = {2020},
  title = {Social Network Analysis: Understanding Centrality Measures},
  url = {https://cambridge-intelligence.com/keylines-faqs-social-network-analysis/}
}

@article{mccullagh_women_stem,
  author = {McCullagh, E. and others},
  year = {2019},
  title = {Using social network analysis to track career trajectories of women STEM faculty},
  journal = {Equality, Diversity and Inclusion: An International Journal},
  url = {https://www.emerald.com/insight/content/doi/10.1108/edi-09-2017-0183/full/html}
}

@online{wikipedia_sna,
  author = {Wikipedia},
  title = {Social network analysis},
  url = {https://en.wikipedia.org/wiki/Social_network_analysis}
}

@online{mccullagh_hidden_patterns,
  author = {McCullagh, E. and others},
  year = {2019},
  title = {Hidden patterns: Using social network analysis to track career trajectories of women STEM faculty},
  url = {https://researchwith.njit.edu/en/publications/hidden-patterns-using-social-network-analysis-to-track-career-tra}
}

@book{wasserman_faust_archive,
  author = {Wasserman, S. and Faust, K.},
  year = {1994},
  title = {Social network analysis: methods and applications},
  note = {Internet Archive},
  url = {https://archive.org/details/SocialnetworkanalysisWassermanFaust1994}
}

@online{clochard_network_2022,
  author = {Clochard, A.},
  year = {2022},
  title = {Using Network Analysis of Job Transitions to Inform Career Advice},
  note = {MIT DSpace},
  url = {https://dspace.mit.edu/bitstream/handle/1721.1/143136/clochard_axellecb_sm_tpp_eecs_2022.pdf}
}

@online{butts_methodological_2008,
  author = {Butts, C. T.},
  year = {2008},
  title = {Social Network Analysis: An Introduction},
  note = {ICPSR Summer Program},
  url = {https://www.icpsr.umich.edu/summerprog/biblio/2012/Social%20Network%20Analysis%20An%20Introduction.pdf}
}

@article{motley_women_ad,
  author = {Motley, M. C. and Jensen, J. A. and Weight, E. A. and Bates, S.},
  year = {2025},
  title = {The Road Less Traveled: Analyzing the Career Paths of Women Athletic Directors Utilizing Social Network Analysis},
  journal = {Journal of Issues in Intercollegiate Athletics},
  volume = {18},
  number = {1},
  url = {https://scholarcommons.sc.edu/jiia/vol18/iss1/3/}
}

@online{insna,
  author = {International Network for Social Network Analysis},
  title = {International Network for Social Network Analysis},
  url = {https://www.insna.org}
}

@article{impact_eval_methods,
  author = {Lee, Sarah},
  title = {Essential Methodologies for Impact Evaluation in Public Policy},
  journal = {NumberAnalytics},
  date = {2025-04-18}
}

@online{quasi_experimental,
  title = {How to Design and Analyze Quasi-experiments},
  author = {},
  organization = {Statology},
  date = {2025-01-31}
}

@online{causality-policy,
  title = {Establishing Causality in Public Policy},
  organization = {Maricopa Open Digital Press},
  date = {2023-05-01}
}

@book{iadb_impact,
  title = {Impact Evaluation in Practice: Second Edition},
  author = {},
  organization = {Inter-American Development Bank Publications},
  date = {2016-09}
}

@book{harmless_econometrics,
  author = {Angrist, Joshua D. and Pischke, Jörn-Steffen},
  title = {Mostly Harmless Econometrics}
}

@incollection{rubin_model,
  author = {Imbens, Guido and Rubin, Donald B.},
  title = {Rubin Causal Model},
  booktitle = {International Encyclopedia of Statistical Science},
  year = {2011}
}

@techreport{career_training,
  author = {Adda, Jérôme and Dustmann, Christian and Meghir, Costas and Robin, Jean-Marc},
  title = {Career Progression and Formal versus On-the-Job Training},
  number = {IZA Discussion Paper No. 2260},
  institution = {IZA},
  date = {2006-08}
}

@online{causal_impact,
  author = {Google},
  title = {CausalImpact: An R package for causal inference in time series},
  year = {2014},
  note = {GitHub}
}

@online{causallib,
  title = {causallib - A Python package for inferring causal effects from observational data},
  date = {2025-04-06},
  note = {PyPI}
}

@online{econml,
  title = {EconML: A Python Package for Machine Learning-Based Heterogeneous Treatment Effects Estimation},
  organization = {fxis.ai},
  date = {2021-04-28}
}

@online{better_eval,
  title = {Impact evaluation},
  organization = {BetterEvaluation},
  date = {2025-02-01}
}

@misc{career_pathways_study,
  title = {Building Better Pathways: An Analysis of Career Trajectories and Occupational Transitions},
  organization = {U.S. Department of Labor},
  date = {2018}
}

@online{eu_impact_methods,
  title = {Policy impact evaluation: methods and data},
  organization = {European Commission Knowledge4Policy},
  date = {2020-02-03}
}

@online{quasi_exp_worldbank,
  title = {Quasi-Experimental Methods},
  organization = {Development Impact Evaluation Wiki, World Bank}
}

@book{causal_inference_book,
  author = {Imbens, Guido W. and Rubin, Donald B.},
  title = {Causal Inference for Statistics, Social, and Biomedical Sciences},
  publisher = {Cambridge University Press},
  year = {2015}
}

@online{impact_eval_glossary,
  title = {Impact Evaluation Glossary},
  organization = {3ie},
  date = {2012-07}
}

@online{career_pathways_meta,
  title = {A Meta-Analysis of 46 Career Pathways Impact Evaluations},
  organization = {U.S. Department of Labor},
  date = {2021-12}
}

@online{policy_impact_eval,
  title = {Evaluate Policy Impact},
  organization = {DataToPolicy Navigator},
  date = {2015-07-01}
}

@online{what_works_growth,
  title = {Understanding impact evaluation},
  organization = {What Works Growth},
  date = {2024-10-29}
}

@online{measuring_impact,
  author = {Osah, Goodnews},
  title = {Measuring Impact: The Art of Policy Evaluation},
  organization = {Longdom Publishing}
}

@misc{potential-indicators,
  title={U.S. Army Branch Indicators. Potential Indicators},
  note={PDF document. Retrieved from Perplexity search results}
}

@online{cornell-job-sim,
  author={Cornell University Graduate Careers},
  year={2017},
  title={Job Simulations},
  url={https://gradcareers.cornell.edu/test-drive-a-career/job-simulations/}
}

@article{bullinaria2018,
  author={Bullinaria, J. A.},
  year={2018},
  title={Agent-Based Models of Gender Inequalities in Career Progression},
  journal={Journal of Artificial Societies and Social Simulation},
  volume={21},
  number={3},
  pages={7}
}

@online{systems-engineer,
  year={2024},
  title={Systems Engineer Career Path},
  organization={4DayWeek.io},
  url={https://4dayweek.io/career-path/systems-engineer}
}

@online{policy-simulations,
  year={2022},
  title={Policy simulations: Home},
  organization={Policy Simulations},
  url={https://policy.socialsimulations.org}
}

@article{gilbert2018,
  author={Gilbert, N. and Ahrweiler, P. and Barbrook-Johnson, P. and Narasimhan, K. P. and Wilkinson, H.},
  year={2018},
  title={Computational Modelling of Public Policy: Reflections on Practice},
  journal={Journal of Artificial Societies and Social Simulation},
  volume={21},
  number={1},
  pages={14}
}

@article{duc2015,
  author={Duc, C. and Housset, F. and Lequien, L. and Plouhinec, C.},
  year={2015},
  title={The Trajectoire microsimulation model: an estimation tool for pension reforms across all schemes},
  journal={Économie et Statistique},
  volume={481-482}
}

@article{career-model,
  author={Author},
  year={2020},
  title={Hybrid Discrete Event-Agent Based Model of Career Development. Agent Activity -- Survey and Agent Flow Simulation},
  journal={SSRN Electronic Journal}
}

@online{microsimulation-r,
  year={2024},
  title={Package microsimulation},
  organization={CRAN},
  url={https://cran.r-project.org/package=microsimulation}
}

@online{mesa,
  year={2025},
  author={Mesa Development Team},
  title={Mesa: Agent-based modeling in Python},
  url={https://mesa.readthedocs.io}
}

@article{siminf,
  author={Widgren, S. and Bauer, P. and Eriksson, R. and Engblom, S.},
  year={2019},
  title={SimInf: An R Package for Data-Driven Stochastic Disease Spread Simulations},
  journal={Journal of Statistical Software},
  volume={91},
  number={12},
  pages={1-42}
}

@misc{jalali2021,
  author={Jalali, M. S. and DiGennaro, C. and Guitar, A. and Lew, K. and Rahmandad, H.},
  year={2021},
  title={Evolution and Reproducibility of Simulation Modeling in Epidemiology and Health Policy Over Half a Century}
}

@online{intersect,
  year={2025},
  title={InterSECT Job Simulations},
  organization={InterSECT},
  url={https://intersectjobsims.com}
}

@article{number-analytics1,
  author={Lee, S.},
  year={2025},
  title={The Ultimate Guide to Public Policy Simulation Models},
  journal={Number Analytics Blog}
}

@article{bronka2023,
  author={Bronka, P. and van de Ven, J. and Kopasker, D. and Katikireddi, S. V. and Richiardi, M.},
  year={2023},
  title={SimPaths: an open-source microsimulation model for life course analysis},
  journal={CeMPA Working Paper Series},
  volume={CEMPA6/23}
}

@online{micsim,
  year={2024},
  title={Package MicSim},
  organization={CRAN},
  url={https://cran.r-project.org/package=MicSim}
}

@article{wilensky2023,
  author={Wilensky, U. and Rand, W.},
  year={2023},
  title={A Methodology to Develop Agent-Based Models for Policy Support Via Qualitative Inquiry},
  journal={Journal of Artificial Societies and Social Simulation},
  volume={26},
  number={1},
  pages={10}
}

@article{number-analytics2,
  author={Lee, S.},
  year={2025},
  title={Policy Simulation Guide for Public Policy Analysis},
  journal={Number Analytics Blog}
}

@incollection{furtado2023,
  author={Furtado, B. A.},
  year={2023},
  title={Simulation Modeling as a Policy Tool},
  booktitle={Handbook of Policy Tools},
  editor={M. Howlett},
  publisher={Routledge}
}

@misc{mspb-job-sim,
  title={U.S. Merit Systems Protection Board. Job Simulations: Trying out for a Federal Job},
  note={PDF report}
}

@inproceedings{wsc2024,
  author={Biller, B. and Berg, T. and Alfaro Rivas, N. and Chen, T.-S. and Dronzek, R.},
  year={2024},
  title={Panel: Learning from Career Paths of Simulation Practitioners},
  booktitle={Proceedings of the 2024 Winter Simulation Conference}
}

@misc{potential2024,
  author = {Potential Indicators},
  year = {2024},
  title = {U.S. Army Branch Indicators},
  note = {Internal Document}
}

@misc{afpc2005,
  author = {AFPC analysts},
  year = {2005},
  title = {AFPC analysts support force development vision},
  note = {AF.mil},
  url = {https://www.af.mil/News/Article-Display/Article/133698/afpc-analysts-support-force-development-vision/},
  urldate = {2025-08-25}
}

@article{manzo2020,
  author = {Manzo, G. and Todeschini, F.},
  year = {2020},
  title = {Mapping career patterns in research: A sequence analysis of career histories of applicants to the European Research Council},
  journal = {PLOS ONE},
  volume = {15},
  number = {7},
  pages = {e0235252}
}

@article{vannoni2018,
  author = {Vannoni, M. and John, P.},
  year = {2018},
  title = {Using sequence analysis to understand career progression: An application to the UK House of Commons},
  journal = {Political Science Research and Methods},
  volume = {6},
  number = {3},
  pages = {589-604}
}

@article{otieno2020,
  author = {Otieno, O. S. and Oyala, C. O.},
  year = {2020},
  title = {Application of Markov chain model in career progression of university academic staff: A case study of Moi University-Eldoret, Kenya},
  journal = {Mathematical Theory and Modeling},
  volume = {10},
  number = {1},
  pages = {1-15}
}

@article{abbott1995,
  author = {Abbott, A. and Tsay, A.},
  year = {2000},
  title = {Sequence analysis and optimal matching methods in sociology: Review and prospect},
  journal = {Sociological Methods \& Research},
  volume = {29},
  number = {1},
  pages = {3-33}
}

@thesis{hoglin2004,
  author = {Hoglin, P. J.},
  year = {2004},
  title = {Survival analysis and accession optimization of prior enlisted United States Marine Corps officers},
  type = {Master's Thesis},
  institution = {Naval Postgraduate School}
}

@misc{traminer2024,
  author = {TraMineR},
  year = {2024},
  title = {TraMineR: Sequence Analysis},
  url = {https://traminer.unige.ch},
  urldate = {2025-08-25}
}

@misc{lifelines2024,
  author = {lifelines},
  year = {2024},
  title = {lifelines — lifelines 0.30.0 documentation},
  url = {https://lifelines.readthedocs.io},
  urldate = {2025-08-25}
}

@misc{BranchPrediction1995,
  author = {University of California, Davis},
  title = {A Comparative Analysis of Branch Prediction Schemes},
  year = {1995},
  note = {Available at: https://www.cs.ucdavis.edu/~su/Berkeley/cs252/project.html}
}

@misc{AllAboutCircuits,
  author = {},
  title = {Branch Current Method Analysis},
  year = {},
  note = {Available at: https://www.allaboutcircuits.com/textbook/direct-current/chpt-10/branch-current-method/}
}

@article{Senger2019,
  author = {Senger, Elena and Campbell, Yuri and van der Goot, Rob and Plank, Barbara},
  title = {Karrierewege: A Large Scale Career Path Prediction Dataset},
  journal = {arXiv preprint arXiv:2412.14612v1},
  year = {2019}
}

@article{Wienclaw2021,
  author = {Wienclaw, Ruth A.},
  title = {Comparative Sociology},
  journal = {EBSCO Research Starters},
  year = {2021}
}

@article{Senger2020,
  author = {Senger, Elena and et al.},
  title = {Meta-Research: Task specialization across research careers},
  journal = {eLife},
  volume = {9},
  pages = {e60586},
  year = {2020}
}

@misc{ClinicalSociology,
  author = {},
  title = {Careers in Clinical Sociology},
  year = {},
  note = {Available at: https://www.asanet.org/wp-content/uploads/savvy/images/employment/docs/pdf/clinsoc_45575v2.pdf}
}

@misc{ECB2021,
  author = {},
  title = {Career trajectories in retail and wholesale - A sequential approach},
  year = {2021},
  note = {ECB Working Paper. Available at: https://www.econstor.eu/bitstream/10419/246771/1/hfi-wp017.pdf}
}

@misc{MOOCGBTM,
  author = {},
  title = {Group Based Trajectory Modelling},
  year = {},
  note = {MOOC Material. Available at: https://fe.up.pt/complext/images/demo/MOOC_material/GBTM.pdf}
}

@misc{PoliticalMethodology2018,
  author = {},
  title = {Using Sequence Analysis to Understand Career Progression},
  year = {2018},
  note = {Political Methodology. Available at: https://polmeth.theopenscholar.com/files/polmeth/files/mp-careers-v25_a_-with-title.pdf}
}

@misc{TraMineR2024,
  author = {},
  title = {TraMineR: Sequence Analysis},
  year = {2024},
  note = {University of Geneva. Available at: https://traminer.unige.ch}
}

@article{Jones2001,
  author = {Jones, Bobby L. and Nagin, Daniel S. and Roeder, Kathryn},
  title = {A SAS Procedure Based on Mixture Models for Estimating Developmental Trajectories},
  journal = {Sociological Methods \& Research},
  volume = {29},
  number = {3},
  pages = {374-393},
  year = {2001}
}

@misc{lcmm2025,
  author = {},
  title = {lcmm: Extended Mixed Models Using Latent Classes and Latent Processes},
  year = {2025},
  note = {CRAN. Available at: https://cran.r-project.org/web/packages/lcmm/lcmm.pdf}
}

@article{Cheng2022,
  author = {Cheng, Siwei and Merchant, Emily C. Klancher},
  title = {Dynamic work trajectories and their interplay with family over the life course},
  journal = {Current Opinion in Psychology},
  volume = {46},
  pages = {101331},
  year = {2022}
}

@article{Senger2025,
  author = {Senger, Elena and et al.},
  title = {KARRIEREWEGE: A large scale Career Path Prediction Dataset},
  journal = {COLING Industry Track},
  year = {2025}
}

@misc{HarvardBranch1995,
  author = {Young, Cliff and Gloy, Nicolas and Smith, Michael D.},
  title = {A Comparative Analysis of Schemes for Correlated Branch Prediction},
  year = {1995},
  note = {Harvard University}
}

@misc{UCSC2021,
  author      = {University of California, Santa Cruz},
  title       = {21st Century Careers with an Undergraduate Degree in Sociology},
  year        = {2021},
  institution = {Department of Sociology, University of California, Santa Cruz},
  address     = {Santa Cruz, California, United States},
  url         = {https://sociology.ucsc.edu/undergraduate/graduation/asacareersinsoc.pdf},
  note        = {Accessed August 25, 2025}
}

@article{CognitiveNeuro2021,
  author = {},
  title = {The Hitchhiker's guide to longitudinal models: A primer on model selection for repeated-measures methods},
  journal = {Developmental Cognitive Neuroscience},
  volume = {51},
  pages = {101009},
  year = {2021}
}

@misc{Saylor2010,
  author = {},
  title = {Micro, Meso, and Macro Approaches},
  year = {2010},
  note = {Saylor Academy. Available at: https://saylordotorg.github.io/text_principles-of-sociological-inquiry-qualitative-and-quantitative-methods/s05-01-micro-meso-and-macro-approache.html}
}

@article{ProustLima2017,
  author = {Proust-Lima, Cecile and et al.},
  title = {Estimation of Extended Mixed Models Using Latent Classes and Latent Processes},
  journal = {Journal of Statistical Software},
  volume = {78},
  number = {2},
  pages = {1-56},
  year = {2017}
}

@article{performance_iot,
  author    = {Anonymous},
  title     = {A Case Study of Web Applications in AI-Driven Home Appliances},
  journal   = {Journal of Engineering Research and Reports},
  year      = {2024}
}
@online{career_path_4day,
  author    = {4DayWeek.io},
  title     = {Quantitative Analyst Career Path},
  year      = {2023}
}
@article{longitudinal_psico,
  author    = {Psico-Smart},
  title     = {Longitudinal Studies: Tracking Employee Performance Before and After Psychometric Evaluations},
  year      = {2024}
}
@online{career_path_ratio,
  author    = {HiBob},
  title     = {What is career path ratio?},
  journal   = {HR Glossary},
  year      = {2025}
}
@inproceedings{gmm_missing,
  author    = {Slez, A. and Muthen, B.O.},
  title     = {GMM with missing/truncated data},
  booktitle = {Mplus Discussion},
  year      = {2007}
}
@article{motivational_profiles,
  author    = {MDPI},
  title     = {Pathways to Sustainable Careers: Exploring Motivational Profiles Through Latent Class Analysis},
  journal   = {Sustainability},
  volume    = {17},
  number    = {3},
  pages     = {1253},
  year      = {2025}
}
@article{scientists_trajectories,
  author    = {Roach, M. and Sauermann, H.},
  title     = {Mapping scientists' career trajectories in the survey of doctorate recipients},
  journal   = {Nature Scientific Reports},
  year      = {2023}
}
@manual{latent_growth_columbia,
  author    = {Columbia University},
  title     = {Latent Growth Curve Analysis},
  journal   = {Population Health Methods},
  year      = {2022}
}
@article{career_patterns_europe,
  author    = {Rostan, M. and Höhle, E.A.},
  title     = {Mapping career patterns in research: A sequence analysis of career histories},
  journal   = {PMC},
  year      = {2020}
}
@online{mcp_lessons,
  author    = {BytePlus},
  title     = {MCP Lessons Learned Process: Best Practices \& Insights},
  year      = {2025}
}
@online{quant_analyst_selby,
  author    = {Selby Jennings},
  title     = {How to Progress Your Career as a Quantitative Analyst},
  year      = {2023}
}
@article{longitudinal_hpc,
  author    = {ArXiv},
  title     = {Analytics of Longitudinal System Monitoring Data for Performance Prediction},
  year      = {2010}
}
@online{beyond_numbers,
  author    = {Nworx.ai},
  title     = {Beyond the Numbers: Addressing the Overemphasis on Quantitative Measures in Performance Evaluation},
  year      = {2024}
}
@article{residual_gmm,
  author    = {Frontiers in Psychology},
  title     = {Residual-Based Algorithm for Growth Mixture Modeling},
  year      = {2021}
}
@online{latent_curve_youtube,
  author    = {Centerstat},
  title     = {Unscripted E3: Introduction to the Latent Curve Model},
  journal   = {YouTube},
  year      = {2023}
}
@article{work_trajectories,
  author    = {Manzoni, A. et al.},
  title     = {Dynamic work trajectories and their interplay with family over the life course},
  journal   = {PMC},
  year      = {2023}
}
@online{rpa_integration,
  author    = {JETIR},
  title     = {Integrating RPA and Power Automate with Camstar MES},
  journal   = {Journal of Engineering Technology and Innovation Research},
  volume    = {12},
  number    = {5},
  year      = {2025}
}
@article{karrierewege,
  author    = {ACL Anthology},
  title     = {KARRIEREWEGE: A large scale Career Path Prediction Dataset},
  year      = {2025}
}
@article{gmm_resilience,
  author    = {PMC},
  title     = {The Use of Growth Mixture Modeling for Studying Resilience to Major Life Stressors},
  year      = {2017}
}
@article{job_satisfaction,
  author    = {Kim, S. et al.},
  title     = {Predictive factors associated with trajectory of job satisfaction of workers with physical disabilities},
  journal   = {Work},
  year      = {2023}
}

@article{bonabeau2002,
  author = {Bonabeau, Eric},
  title = {Agent-based modeling: Methods and techniques for simulating human systems},
  journal = {Proceedings of the National Academy of Sciences},
  year = {2002},
  volume = {99},
  number = {suppl 3},
  pages = {7280--7287},
  doi = {10.1073/pnas.082080899}
}

@book{epstein1996,
  author = {Epstein, Joshua M. and Axtell, Robert},
  title = {Growing Artificial Societies: Social Science from the Bottom Up},
  year = {1996},
  publisher = {MIT Press}
}

@book{axelrod1997,
  author = {Axelrod, Robert},
  title = {The Complexity of Cooperation: Agent-Based Models of Competition and Collaboration},
  year = {1997},
  publisher = {Princeton University Press}
}

@article{tesfatsion2002,
  author = {Tesfatsion, Leigh},
  title = {Agent-based computational economics: Growing economies from the bottom up},
  journal = {Artificial Life},
  year = {2002},
  volume = {8},
  number = {1},
  pages = {55--82},
  doi = {10.1162/106454602753694765}
}

@article{macy2002,
  author = {Macy, Michael W. and Willer, Robert},
  title = {From factors to actors: Computational sociology and agent-based modeling},
  journal = {Annual Review of Sociology},
  year = {2002},
  volume = {28},
  number = {1},
  pages = {143--166},
  doi = {10.1146/annurev.soc.28.110601.141117}
}

@book{miller2007,
  author = {Miller, John H. and Page, Scott E.},
  title = {Complex Adaptive Systems: An Introduction to Computational Models of Social Life},
  year = {2007},
  publisher = {Princeton University Press}
}

@article{march1978,
  author = {March, James G. and Simon, Herbert A.},
  title = {Bounded Rationality, Ambiguity, and the Engineering of Choice},
  journal = {The Bell Journal of Economics},
  year = {1978},
  volume = {9},
  number = {2},
  pages = {587--608},
  doi = {10.2307/3003600}
}

@incollection{simon1990,
  author = {Simon, Herbert A.},
  title = {Invariants of Human Behavior},
  booktitle = {An Economic Perspective on the Behavioral Sciences},
  editor = {Hogarth, Robin M. and Reder, Melvin W.},
  publisher = {University of Chicago Press},
  year = {1990},
  pages = {15--28}
}

@article{carley1992,
  author = {Carley, Kathleen M.},
  title = {Organizational learning and personnel turnover},
  journal = {Organization Science},
  year = {1992},
  volume = {3},
  number = {1},
  pages = {20--46}
}

@book{epstein2006,
  author = {Epstein, Joshua M.},
  title = {Generative Social Science: Studies in Agent-Based Computational Modeling},
  year = {2006},
  publisher = {Princeton University Press}
}

@article{schelling1971,
  author = {Schelling, Thomas C.},
  title = {Dynamic models of segregation},
  journal = {Journal of Mathematical Sociology},
  year = {1971},
  volume = {1},
  number = {2},
  pages = {143--186},
  doi = {10.1080/0022250X.1971.9989794}
}


