@techreport{dol2023building,
  title       = {Building Better Pathways: An Analysis of Career Trajectories and Occupational Transitions},
  author      = {{U.S. Department of Labor}},
  year        = {2023},
  institution = {U.S. Department of Labor},
  url         = {https://www.dol.gov/sites/dolgov/files/OASP/evaluation/pdf/Building%20Better%20Pathways%20An%20Analysis%20of%20Career%20Trajectories%20and%20Occupational%20Transitions.pdf}
}

@misc{questionpro2024demographic,
  title  = {Demographic Analysis: Definition, Importance, \& Methods},
  author = {{QuestionPro}},
  year   = {2024},
  url    = {https://www.questionpro.com/blog/demographic-analysis/}
}

@techreport{baker2023demographic,
  title       = {Using Demographic Data as Predictor Variables: a Questionable Choice},
  author      = {Baker, Ryan S. and others},
  year        = {2023},
  institution = {University of Pennsylvania},
  url         = {https://learninganalytics.upenn.edu/ryanbaker/demographic-predictors.pdf}
}

@misc{gale2024demographics,
  title  = {Demographics},
  author = {{Gale}},
  year   = {2024},
  url    = {https://go.gale.com/ps/i.do?p=GVRL&u=cod_lrc&id=GALE%7CCX3447900026&v=2.1&it=r&sid=GVRL&asid=7785ca4e}
}

@techreport{nataraj2018career,
  title       = {Career Paths in the Army Civilian Workforce: Identifying Common Patterns Based on Statistical Clustering},
  author      = {Nataraj, Shanthi and Hanser, Lawrence M.},
  year        = {2018},
  institution = {RAND Corporation},
  number      = {RR-2280},
  url         = {https://www.rand.org/content/dam/rand/pubs/research_reports/RR2200/RR2280/RAND_RR2280.pdf}
}

@misc{hyndman2023demography,
  title  = {demography: Forecasting Mortality, Fertility, Migration and Population Data},
  author = {Hyndman, Rob J. and others},
  year   = {2023},
  note   = {R package version 2.0},
  url    = {https://cran.r-project.org/web/packages/demography/index.html}
}

@misc{kharwal2024demographics,
  title  = {Demographics Analysis with Python},
  author = {Kharwal, Aman},
  year   = {2024},
  url    = {https://thecleverprogrammer.com/2024/07/15/demographics-analysis-with-python/}
}

@incollection{land2019mathematical,
  title     = {Mathematical Demography},
  author    = {Land, Kenneth C. and Villavicencio, Andr√©s},
  booktitle = {Handbook of Sociology and Social Research},
  year      = {2019},
  publisher = {Duke University},
  url       = {https://scholars.duke.edu/publication/1512782}
}

@article{lee2023middle,
  title   = {Middle-aged adults' career trajectories and later-life financial security},
  author  = {Lee, Jinkook and others},
  journal = {PubMed},
  year    = {2023},
  url     = {https://pubmed.ncbi.nlm.nih.gov/37874210/}
}

@article{ely2017gender,
  title   = {GENDER AND THE MBA: Differences in Career Trajectories, Attribute-Based Career Success, and Career Consolidation},
  author  = {Ely, Robin J. and Stone, Pamela and Ammerman, Colleen},
  journal = {PMC},
  year    = {2017},
  url     = {https://pmc.ncbi.nlm.nih.gov/articles/PMC5915327/}
}

@phdthesis{vanwissen2016dissertation,
  title  = {Dissertation on Mathematical Demography},
  author = {van Wissen, Leo},
  year   = {2016},
  school = {University of Groningen},
  url    = {https://pure.rug.nl/ws/portalfiles/portal/10068130/c1.pdf}
}
